742 1860
152 97 99 59 Twelve
265 97 138 59 Important
417 97 129 59 Messages
560 97 32 59 to

246 158 141 58 American
405 158 93 58 Women

186 219 63 58 from
268 219 44 58 the
320 223 239 44 Republican
485 219 78 58 Party

116 324 140 32 Republicans
263 333 37 15 are
308 325 85 31 putting
400 333 83 15 women
491 325 22 23 in
521 326 101 30 positions
629 324 25 25 of

116 372 75 23 power.
207 358 11 41 A
239 363 92 24 historic
342 362 96 25 number
446 362 25 25 of
477 372 87 15 women
574 363 58 25 have

116 402 59 24 been
185 401 123 32 appointed
319 407 22 19 to
350 401 183 32 chairmanships
542 402 25 24 of
575 403 82 31 promi-

117 446 54 19 nent
180 442 142 23 committees
331 440 44 25 and
385 440 132 32 leadership
526 442 113 30 positions
649 442 23 23 in

116 479 38 25 the
166 479 70 25 104th
245 479 258 32 Congress—positions
513 479 47 25 that
569 480 43 24 few

117 519 120 24 Democrat
246 527 86 16 women
342 518 96 32 enjoyed
448 518 82 32 during
539 518 60 25 their

117 558 82 31 Party’s
208 558 31 24 40
248 566 65 23 years
323 557 24 25 of
354 557 92 25 control.

116 630 140 31 Republicans
263 639 38 15 are
308 631 126 31 supporting
441 630 112 24 American
561 630 91 24 families

117 669 29 31 by
155 668 96 32 offering
260 678 13 15 a
282 667 64 27 $500
355 678 40 22 per
403 668 64 25 child
476 674 37 19 tax
522 669 154 24 credit—that

117 716 79 16 means
205 707 99 25 families
314 717 43 15 can
366 707 52 25 take
428 707 64 26 $500
500 708 34 24 off
541 708 59 24 their

117 746 86 25 federal
213 752 62 19 taxes
284 746 35 25 for
328 746 56 25 each
394 746 70 25 child.

117 818 139 32 Republicans
264 828 37 15 are
310 818 97 32 listening
415 825 22 18 to
444 828 90 15 women.
547 819 112 31 Republi-

117 866 56 16 cans
182 866 38 16 are
230 857 108 32 enabling
347 857 89 25 welfare
446 863 92 26 parents
547 863 23 19 to
579 857 60 25 work
649 858 29 31 by

117 896 119 32 providing
245 896 61 25 them
316 905 28 16 an
354 896 126 25 additional
489 896 55 26 $2.4
554 896 81 25 billion
646 898 22 23 in

117 935 126 25 affordable
252 935 123 25 childcare.
394 935 158 32 Republicans
562 945 38 15 are
610 937 68 31 going

117 974 57 25 after
183 974 59 25 dead
252 974 52 25 beat
313 980 91 25 parents
413 974 50 25 who
472 974 45 25 live
527 975 23 23 in
560 975 95 24 comfort

117 1022 78 15 across
204 1019 57 18 state
271 1013 67 28 lines,
348 1013 66 25 while
424 1013 59 25 their
491 1013 99 25 families
600 1013 72 25 suffer

117 1058 22 19 at
149 1052 73 25 home.

117 1125 140 32 Republicans
264 1135 37 15 are
310 1127 103 30 restoring
421 1125 81 32 dignity
510 1132 21 18 to
539 1125 88 25 welfare

118 1165 113 31 recipients
240 1164 28 31 by
278 1165 153 31 encouraging
440 1164 106 32 personal
555 1166 116 30 responsi-

118 1203 70 31 bility,
198 1203 109 32 breaking
316 1212 14 15 a
339 1203 64 31 cycle
412 1203 25 25 of
444 1203 151 32 dependency
605 1203 45 25 and

117 1241 109 33 enabling
235 1251 86 16 women
331 1251 28 15 on
368 1242 91 25 welfare
468 1248 22 19 to
500 1242 93 32 provide
603 1243 34 24 for

117 1281 59 25 their
184 1281 99 25 families
293 1281 45 25 and
348 1281 144 25 themselves.

117 1354 140 32 Republicans
264 1364 38 15 are
310 1355 90 31 fighting
408 1355 33 24 for
448 1364 13 15 a
469 1355 103 24 balanced
581 1355 81 32 budget

117 1399 23 19 to
149 1393 92 32 provide
250 1399 36 19 tax
295 1393 67 25 relief
368 1393 33 25 for
410 1393 85 25 middle
504 1393 61 25 class
574 1394 106 25 families.

118 1432 71 24 Under
197 1432 39 24 Bill
243 1432 90 28 Clinton,
341 1433 110 23 American
459 1432 91 25 families
557 1442 38 15 are
603 1433 67 32 losing

117 1472 49 23 37%
174 1471 24 24 of
204 1471 56 24 their
267 1473 83 22 income
358 1477 21 18 to
387 1472 198 31 taxes—meaning
594 1471 47 25 that

118 1519 43 15 one
170 1519 83 22 spouse
263 1511 19 23 is
292 1510 97 32 working
396 1511 47 30 just
452 1515 22 19 to
484 1519 42 23 pay
535 1510 38 25 the

118 1554 150 26 government.

118 1623 140 32 Republicans
265 1623 109 24 increased
382 1623 37 24 the
427 1623 66 24 Social
500 1623 95 32 Security

118 1666 98 31 earnings
224 1665 60 28 limit,
293 1664 108 33 enabling
410 1666 77 23 senior
496 1666 95 24 citizens
601 1665 50 25 who

118 1704 59 25 work
187 1710 22 19 to
219 1704 59 32 keep
288 1714 60 15 more
358 1705 24 24 of
389 1705 57 24 what
456 1705 52 31 they
518 1714 62 16 earn.

614 1753 47 18 (over)
