1663 2208
376 1043 12 25 w

473 172 13 14 A
500 173 107 19 22aaced
621 178 79 24 audget
711 177 26 22 dy
749 175 34 19 tbe
794 180 51 19 year
856 175 56 22 2002

470 209 9 9 *
514 203 106 32 Spencing
632 215 116 17 reszaint.s
760 210 37 24 key
809 215 18 16 to
839 216 79 22 greater
928 218 109 17 economic
1049 213 85 28 growth,
1144 218 67 21 whica
1222 219 42 23 wii!
1275 226 98 21 preserve

513 245 34 19 PC
554 239 64 42 grams
632 245 39 22 like
682 243 111 24 Med.care,
804 245 115 26 Medicaid,
930 250 40 20 and
981 248 68 23 Sociai
1060 248 98 29 Security.
1177 252 41 24 The
1229 254 105 27 line-item
1345 264 46 19 vero

515 277 39 22 il
568 284 23 16 2
602 282 49 22 used
661 287 19 17 :o
691 281 58 22 make
760 286 45 17 sure
815 287 31 18 we
857 288 46 19 mim
913 284 64 24 down
986 286 39 22 and
1034 285 59 24 weed
1102 291 36 18 our
1147 291 94 24 wastetul
1250 299 141 23 government

512 319 108 24 programs
630 319 67 22 whica
706 318 65 22 retard
781 323 111 21 economic
901 321 88 29 growth.

467 386 46 24 Tax
524 390 65 21 relief
597 391 43 23 and
650 391 154 24 fundamental
814 396 36 19 tax
860 394 85 24 reform

468 432 9 11 ©
511 424 92 30 Replace
612 434 79 17 current
700 434 32 18 tax
742 432 78 24 system
829 429 51 24 with
891 420 35 42 one
936 420 43 42 that
990 431 18 23 is
1017 431 90 31 simpler,
1117 433 67 27 flatter
1191 440 41 23 and
1241 439 63 26 fairer

468 469 9 11 ©
511 461 39 24 Cut
560 466 95 25 personal
666 465 81 24 income
757 469 33 19 tax
799 469 53 20 rates

468 506 9 11 ¢
510 498 86 24 Reduce
604 502 34 22 the
646 502 74 29 capital
730 502 59 29 gains
798 506 34 19 tax
840 501 35 24 for
883 502 135 28 individuals,
1027 504 105 33 including
1141 509 61 25 smal]
1211 510 98 27 business
1318 521 84 17 owners

467 542 10 12 ©
510 535 74 24 Create
594 536 56 25 $500
658 544 36 23 per
701 537 56 25 child
766 543 33 19 tax
808 538 66 25 credit

467 579 9 12 «
510 571 88 31 Expand
606 574 115 25 ladividual
730 574 128 25 Retirement
866 578 109 23 Accounts
983 577 41 24 and
1031 579 100 26 establish
1138 588 13 17 ¢
1158 585 86 28 spousal
1253 585 50 25 [RA

466 616 11 12 ¢
510 609 78 29 Repeal
598 609 40 25 Bill
648 611 105 25 Clinton's
765 610 48 25 1993
825 606 32 48 tax
869 606 48 48 hike
929 606 24 48 on
965 606 72 48 Social
1049 606 84 48 Security
1145 606 112 48 recipients

466 653 11 12 ¢
509 645 276 33 Require
612 641 8 45 a
634 645 151 33 supermajority
794 653 48 19 vote
852 641 23 45 in
889 641 95 45 Congress
994 641 20 45 to
1024 641 53 45 raise
1088 641 76 45 income
1174 641 35 45 tax
1219 641 61 45 rates

465 719 105 31 “Ending
578 720 38 24 the
624 720 45 25 IRS
679 727 23 18 as
710 727 34 17 we
752 721 64 24 know
826 720 31 25 it”

466 762 11 12 *
509 755 105 25 Establish
622 763 98 22 onesyear
728 762 34 19 tax
771 762 94 24 amnesty
874 758 73 29 period
955 764 23 18 as
987 761 106 24 transition
1101 766 20 20 to
1130 769 47 18 sew
1184 769 35 20 tax
1227 771 82 24 system

467 798 9 12 ¢
509 791 55 25 Shift
573 792 79 25 burden
659 792 22 24 of
689 792 65 30 proof
760 793 20 23 in
789 793 42 24 IRS
840 793 68 25 audits
918 793 53 25 from
981 795 124 26 individuals
1113 803 21 19 to
1143 805 138 23 government

467 834 9 11 +
510 828 44 24 End
564 828 99 28 life-style
672 829 66 24 audits
746 831 83 27 (except
839 831 21 23 in
867 836 60 18 cases
936 831 69 24 where
1013 831 55 24 there
1076 833 18 24 is
1102 835 55 24 clear
1164 838 102 24 evidence
1275 838 27 25 of
1308 840 96 25 crimiral

508 864 95 29 activity)

466 906 10 12 ¢
508 898 111 27 Eliminate
628 900 42 25 [RS
680 901 59 31 filing
749 901 33 24 for
788 901 27 24 40
824 901 84 26 million
916 902 51 25 lowe
976 904 40 24 and
1023 904 171 28 middle-income
1203 914 111 28 taxpayers

466 943 10 12 e
509 935 90 32 Require
608 937 41 25 IRS
659 938 120 30 employees
787 943 20 19 to
816 938 48 31 help
873 944 110 25 taxpayers
991 941 123 27 understand
1121 944 34 25 the
1164 945 46 28 law,
1220 949 122 29 aot-punish
1353 950 56 25 them

508 973 33 24 for
549 973 141 31 misapplying
698 975 15 23 it

465 1045 126 26 Education
600 1048 44 23 and
653 1047 42 25 Job
703 1048 108 31 Training
820 1047 91 26 Reform

466 1090 10 12 ©
509 1083 96 25 Promote
613 1085 128 24 educational
750 1085 73 24 choice
832 1085 89 30 through
928 1085 150 32 “Opportunity
1086 1087 145 34 Scholarships
1241 1091 33 26 for
1282 1093 114 25 Children”

466 1127 10 11 ¢
508 1120 72 23 Allow
589 1122 49 23 low-
647 1122 40 23 and
695 1122 171 23 middle-income
874 1122 93 24 students
975 1123 40 24 and
1022 1130 81 23 parents
1111 1130 20 19 to
1139 1126 77 25 deduc:
1225 1128 84 26 interest
1317 1137 29 17 on

508 1156 83 23 student
600 1158 58 23 loans

466 1198 10 12 ¢
508 1191 72 24 Allow
589 1192 49 23 low-
648 1193 38 23 and
695 1193 170 24 middle-income
873 1199 82 23 parents
964 1199 19 18 to
992 1200 31 18 set
1029 1201 28 23 up
1064 1195 87 26 tax-free
1160 1197 116 27 Education

509 1227 126 24 Investment
643 1231 112 21 Accounts.
764 1228 49 24 with
821 1228 150 24 contributions
979 1228 26 25 of
1008 1236 28 23 up
1043 1236 21 18 to
1072 1231 55 24 $500
1136 1239 36 22 per
1179 1234 57 25 child
1245 1241 62 23 every
1317 1224 54 46 year

467 1269 10 13 ¢
509 1263 72 24 Allow
588 1265 90 23 workers
686 1269 20 19 to
715 1265 81 23 receive
804 1263 87 34 tax-free
898 1264 81 30 college
987 1266 72 24 tuition
1067 1267 112 24 assistance
1188 1269 55 25 from,
1250 1273 121 28 employers

467 1305 10 11 ¢
509 1299 94 24 Increase
611 1301 97 23 workers”
718 1306 70 18 access
798 1305 19 19 to
825 1299 88 24 tax-free
918 1300 39 30 job
965 1302 70 23 search
1042 1302 40 24 and
1089 1303 117 29 placement
1214 1307 115 22 assistance
1339 1307 53 24 Som

509 1335 53 23 their
569 1335 117 29 employers

467 1376 10 12 ¢
509 1369 136 25 Consolidate
650 1370 135 30 job-wraining
793 1376 106 24 programs
908 1371 42 24 into
959 1370 65 30 single
1032 1378 57 23 grant
1096 1377 20 19 to
1125 1374 34 24 the
1167 1380 69 19 states.
1253 1375 123 32 Encourage

510 1405 33 23 the
551 1411 63 18 states
622 1412 21 18 co
652 1406 126 30 experiment
785 1406 49 23 with
842 1407 101 23 vouchers
952 1407 39 23 and
999 1407 57 24 other
1063 1407 118 26 innovative
1190 1412 129 28 approaches
1327 1417 21 19 to
1354 1413 39 28 job

510 1446 87 25 (runing

468 1510 135 30 Regulatory
611 1512 44 24 and
665 1512 95 24 Lawsuit
768 1512 89 23 Reform

469 1553 10 11 ¢
512 1545 88 29 Require
608 1547 132 23 cost-benetic
747 1548 89 27 analysis
846 1546 31 23 for
886 1553 45 16 new
940 1546 64 28 major
1012 1548 74 23 federal
1095 1551 126 27 regulations

512 1581 102 23 Establish
623 1588 12 16 a
643 1583 112 27 regulatory
764 1587 113 22 sunsetting
886 1582 45 22 task
940 1581 55 23 force

470 1621 10 11 ¢
512 1615 86 23 Review
606 1616 40 22 and
654 1618 122 21 re-evaluate
784 1616 124 28 regulations
916 1621 61 22 every
985 1617 13 20 +
1006 1622 57 21 vears

470 1656 10 11 ©
512 1648 88 24 Enforce
609 1649 120 29 Paperwork
737 1651 114 23 Reduction
859 1652 40 21 Act

470 1689 11 12 ¢
513 1683 84 24 Reform
603 1684 54 30 joint
665 1686 38 23 and
711 1687 78 21 several
799 1685 84 28 liability

844 1805 8 20 or
