1672 2198
804 275 200 28 EDUCATION

404 306 51 27 The
464 308 148 34 Republican
620 311 137 28 Platform’s
767 314 55 32 goal
831 314 20 27 is
861 315 98 34 nothing
969 317 48 27 less
1026 317 56 27 than
1092 325 13 19 a
1114 320 149 27 renaissance
1272 321 22 26 in
1304 322 126 28 American

304 346 134 32 education,
449 348 129 36 beginning
587 352 57 27 with
652 360 16 19 a
676 358 79 21 retum
764 353 32 26 of
799 355 94 26 control
902 361 27 21 to
938 361 103 28 parents,
1051 357 115 32 teachers,
1177 360 47 27 and
1232 360 62 28 local
1304 361 83 27 school
1394 358 94 43 boards

304 389 53 28 and,
369 388 103 37 through
480 389 73 31 them,
564 396 26 21 to
599 392 167 27 communities
774 394 47 25 and
830 394 61 26 local
901 400 132 29 taxpayers.
1054 397 50 27 The
1112 398 147 33 Republican
1266 401 71 32 Party
1346 408 118 27 supports:

304 480 13 13 e
353 471 102 27 Policies
463 477 27 22 to
499 473 71 26 make
579 473 105 34 parental
692 474 86 27 choice
785 481 90 28 among
882 476 88 35 public,
980 478 92 32 private
1079 479 47 27 and
1135 480 113 33 religious
1256 481 97 28 schools
1362 490 16 19 a
1385 484 83 33 reality

353 511 76 28 for
402 507 33 49 all
439 517 102 28 parents.
565 507 70 49 These
647 507 90 49 include
749 507 95 49 charter
855 507 95 49 schools
961 507 42 49 and
1018 507 152 49 opportunity
1173 516 162 43 scholarships
1348 516 75 43 which

349 548 101 43 provide
460 548 79 43 access
553 548 26 43 to
592 561 12 18 a
614 548 87 43 quality
714 548 119 43 education
843 548 37 43 for
893 548 37 43 all
943 548 141 43 Americans.

403 630 139 49 Continuing
556 640 27 22 to
595 630 123 49 recognize
729 630 50 49 that
791 630 119 49 education
925 630 79 49 should
1015 630 26 49 be
1058 646 11 19 a
1080 630 63 49 local
1158 653 13 7 —
1183 630 37 49 not
1232 630 94 49 federal
1338 656 13 7 ~
1366 630 111 49 concern,

298 669 41 44 the
351 673 235 29 Platform
466 669 63 44 calls
540 669 48 44 for:

303 722 14 15 ¢
341 711 104 46 Prompt
456 711 81 46 repeal
548 716 27 27 of
586 711 117 46 Clinton’s
716 711 70 46 Goals
801 711 54 46 2000
870 711 39 46 and
923 711 43 46 the
981 711 204 46 School-to-Work
1199 711 59 46 Act;

303 764 15 14 ©
341 751 154 46 Opposition
509 751 28 46 to
548 751 116 46 outcome-
674 751 31 46 or
716 751 239 46 performance-based
969 751 124 46 education
1104 751 23 46 in
1142 751 39 46 our
1192 751 100 46 nation’s
1307 751 102 46 schools.

771 869 136 44 HEALTH
928 869 93 44 CARE

397 906 46 46 The
458 906 54 46 goal
527 906 28 46 of
565 906 39 46 the
615 906 135 46 Republican
765 906 62 46 Party
837 906 25 46 is
876 917 20 22 to
910 906 101 46 maintain
1021 906 40 46 the
1075 906 89 46 quality
1175 915 27 27 of
1217 906 120 46 America’s
1347 906 82 46 health

297 945 57 45 care
368 945 68 45 while
450 945 84 45 making
548 945 76 45 health
638 945 49 45 care
702 945 38 45 and
753 945 77 45 health
840 945 121 45 insurance
975 945 57 45 more
1047 945 130 45 accessible
1189 945 42 45 and
1245 945 54 45 more
1313 945 140 45 affordable.

298 983 49 45 The
358 983 109 45 Platform
481 987 289 37 expresses
620 983 91 45 support
721 983 54 45 for:

303 1076 15 13 e
353 1064 82 44 Health
445 1064 118 44 insurance
577 1064 71 44 that’s
659 1069 108 33 portable
775 1069 62 27 from
841 1070 45 33 job
894 1076 27 22 to
926 1071 52 33 job;

303 1116 14 14 e
352 1105 83 44 Health
445 1105 122 44 insurance
581 1105 70 44 which
662 1105 41 44 can
717 1105 41 44 not
768 1105 30 44 be
808 1105 82 44 denied
904 1105 92 44 because
1011 1112 25 26 of
1047 1105 140 44 preexisting
1197 1105 78 44 health
1285 1105 140 44 conditions;
1435 1105 45 44 and

304 1156 14 14 e
353 1146 112 45 Tax-free
480 1146 98 45 Medical
592 1146 98 45 Savings
705 1146 113 45 Accounts
832 1146 75 45 (MSA)
922 1152 27 31 so
960 1146 49 45 that
1023 1146 136 45 individuals
1173 1146 39 45 can
1222 1146 50 45 plan
1282 1146 38 45 for
1331 1146 64 45 their
1410 1146 45 45 own

353 1184 98 42 medical
464 1184 77 42 needs.

802 1309 178 29 ABORTION

398 1343 47 43 The
458 1343 109 43 abortion
577 1343 65 43 plank
657 1347 25 27 of
695 1343 40 43 the
749 1343 130 43 Republican
892 1343 65 43 Party
971 1343 101 43 Platform
1086 1343 94 43 remains
1193 1343 109 43 pro-life.
1316 1351 21 25 It
1345 1351 51 26 also

301 1381 97 43 reflects
408 1381 48 43 that
465 1381 52 43 ours
529 1381 23 43 is
562 1381 37 43 the
609 1381 65 43 party
684 1387 26 25 of
723 1381 37 43 the
774 1381 54 43 open
842 1381 61 43 door.
924 1381 44 43 The
981 1381 69 43 plank
1061 1387 315 33 recognizes
1207 1381 48 43 that
1264 1381 69 43 there
1440 1410 2 2 are.

300 1418 110 44 differing
424 1418 67 44 views
503 1418 25 44 on
542 1418 37 44 the
589 1418 63 44 issue
666 1418 27 44 of
703 1418 111 44 abortion,
828 1418 37 44 and
875 1418 38 44 the
923 1418 111 44 principle
1048 1418 22 44 of
1084 1418 111 44 tolerance
1209 1418 37 44 for
1260 1418 67 44 those
1341 1418 45 44 who
1400 1418 48 44 may

300 1457 107 44 disagree
417 1457 23 44 is
454 1457 114 44 expressed
578 1457 27 44 in
615 1457 111 44 diversity
740 1457 103 44 language
853 1457 104 44 included
971 1457 22 44 in
1007 1457 38 44 the
1055 1457 81 44 plank.
