1684 2203
1056 126 113 18 Asescuss

633 167 14 14 cs.
662 175 47 8 2fat
727 163 41 17 238i
780 157 68 21 2.2%
859 164 109 18 reduesica
979 159 21 22 of
1008 165 32 15 wne
1051 138 113 54 paperwerx
1193 142 2 3 3
1181 167 80 17 suscea.
1281 165 17 18 A

634 196 49 22 Fics
695 201 57 19 stacy
764 197 104 19 2stuMates
879 197 42 21 chat
931 195 33 20 he
974 193 84 23 Clinton
1068 196 170 24 Acmunistration
1247 198 44 22 mii;
1301 203 86 18 acmeve
1398 204 20 16 at

540 243 42 6 2.3
610 229 11 21 FY
635 212 66 42 1996,
720 231 35 23 His
766 228 174 26 Aémunisrauon
950 236 52 17 evea
1011 228 110 29 exempted
1131 229 32 23 the
1173 230 39 26 IRS
1224 232 52 25 from
1287 233 33 24 the
1329 236 41 21 Act
1380 234 49 29 bya

408 262 46 23 pine
465 261 62 25 OMS
562 263 21 22 in
595 271 9 15 a
619 265 65 26 fuse
680 268 50 23 1996
741 269 66 26 report
817 264 59 27 GAO
886 267 67 24 stated
962 267 42 22 that
1012 267 58 23 since
1082 265 72 26 1989,
1155 266 40 26 “the
1205 268 62 26 IRS's
1277 273 123 27 paperwork

472 306 92 20 SOur‘es
575 300 32 24 Or
617 310 58 18 more
684 308 47 20 than
740 303 56 24 three
805 308 91 23 quarters
905 302 26 25 of
937 303 34 23 the
980 303 200 29 government-wide
1189 306 68 24 ‘otal.”

309 309 37 17 bi

348 307 12 18 a

363 307 27 17 5

401 306 35 17 é

447 306 35 16 f

401 379 30 21 As
442 375 112 32 President,
566 375 46 24 309
623 376 54 25 Dole
688 379 41 23 wiil
739 383 65 18 rerum
814 377 66 29 sanity
890 376 41 25 and
939 382 100 19 common
1047 383 61 19 sense
1116 383 20 20 to
1146 378 76 27 federal
1230 382 134 29 regulations.
1382 384 32 25 He

309 416 45 20 wiil
366 413 107 23 sim:fate
484 415 32 20 the
526 419 141 23 unnecessary
678 416 52 22 cules
739 415 40 22 and
788 413 134 29 regulations,
931 412 34 24 the
973 413 36 23 red
1017 418 47 25 tape
1073 414 39 24 and
1119 414 138 32 bureaucracy
1266 418 42 23 that
1316 425 62 19 come
1387 427 38 17 out

309 449 27 22 of
344 449 146 29 Washington.
510 449 30 23 He
551 450 43 22 wil
606 449 41 23 free
656 457 38 17 our
703 455 101 22 economy
814 453 20 19 to
843 454 68 19 create
919 455 59 17 more
983 448 50 29 jobs
1041 448 40 25 and
1089 451 132 29 opportunity
1230 451 33 25 for
1270 453 27 24 all
1307 456 132 25 Americans,

309 484 49 22 Bob
369 485 55 22 Dole
434 486 50 22 will:

404 557 17 21 1.
447 555 90 31 Require
546 556 43 23 that
597 555 92 25 benefits
695 555 73 37 justify
777 556 34 24 the
819 560 56 19 costs
884 555 34 24 for
924 555 28 25 ail
961 561 47 18 new
1015 555 68 30 major
1090 555 77 26 federal
1175 559 133 29 regulations,
1317 562 62 29 using

447 593 141 29 independent
597 594 142 28 peer-review,
748 592 68 25 sound
823 592 84 25 science
916 591 41 25 and
964 591 43 25 risk
1014 598 133 19 assessment.
1163 592 126 28 [ndividuals
1298 598 41 23 and

447 624 119 41 businesses
576 624 45 41 will
630 624 25 41 be
665 624 45 41 able
719 624 22 41 to
750 624 45 41 take
805 624 93 41 agencies
907 624 24 41 to
941 624 53 41 court
1005 628 19 25 if
1034 624 31 41 the
1075 624 89 41 agencies
1177 624 66 41 ignore
1252 624 49 41 this

447 667 145 30 requirement.

403 734 12 24 w

418 752 5 5 .
448 733 89 31 Require
547 734 27 24 all
583 740 48 18 aew
640 733 77 25 federal
725 733 126 30 regulations
860 737 20 19 to
890 727 23 44 be
923 727 100 44 reviewed
1033 727 38 44 and
1081 731 211 35 re-evaluated
1231 727 60 44 every
1301 727 45 44 four
1360 727 66 44 years.

444 763 65 41 Rules
519 763 48 41 that
580 763 49 41 make
642 763 59 41 sense
713 763 29 41 for
751 763 35 41 the
795 763 97 41 problems
907 767 23 26 of
939 763 59 41 today
1011 763 72 41 should
1093 763 35 41 not
1137 763 76 41 become
1226 763 35 41 set
1270 763 22 41 in
1301 763 59 41 stone
1369 763 46 41 and

448 812 33 17 act
489 813 22 17 as
521 806 87 24 barriers
618 811 19 19 to
648 807 79 28 growth
735 811 116 18 tomorrow.

404 871 9 24 we

448 871 106 24 Establish
562 878 13 17 a
582 872 118 30 regulatory
709 870 114 31 sunsetting
831 870 45 25 task
884 869 64 28 force,
956 869 119 25 co-chaired
1083 870 27 30 by
1118 872 35 23 the
1160 872 95 26 Director
1262 874 26 24 of
1293 875 33 24 the
1335 875 74 26 Otiice

447 907 27 25 of
479 907 152 30 Management
640 909 40 23 and
689 907 80 30 Budget
776 907 41 25 and
824 908 35 23 the
866 906 54 25 head
927 905 24 26 of
959 905 34 26 the
1000 905 66 26 Smail
1074 906 100 26 Business
1182 909 179 30 Administration,

448 944 119 30 answering
575 944 88 29 directly
672 950 20 18 to
701 944 33 24 the
743 943 110 27 President,
862 948 21 19 to
891 942 94 25 evaluate
993 942 27 25 all
1028 943 89 30 existing
1126 943 77 26 federal
1211 946 126 30 regulations
1345 949 41 23 and

448 982 137 24 recommend
593 982 35 23 the
637 980 128 25 elimination
773 979 27 26 of
804 979 125 31 regulations
937 979 43 24 that
987 985 33 19 are
1028 980 113 26 out-dated,
1150 981 125 28 ineffective,
1285 989 23 17 or
1316 989 36 18 not
1360 989 57 19 cost-

449 1016 107 26 effective.

405 1085 20 22 4.
451 1082 89 25 Enforce
549 1083 34 25 the
593 1083 122 30 Paperwork
723 1082 115 25 Reduction
846 1084 40 22 Act
894 1086 21 19 to
923 1081 76 24 relieve
1007 1081 121 25 Americans
1135 1081 27 25 of
1167 1083 33 24 the
1208 1084 116 29 segulatory

451 1121 123 27 paperwork
582 1119 86 24 burden.
685 1119 88 24 Rescind
781 1119 34 23 the
822 1118 84 24 Clinton
915 1116 119 31 exemption
1042 1118 42 23 that
1091 1117 72 25 allows
1172 1119 33 23 the
1213 1119 42 24 IRS
1265 1125 20 18 co
1294 1121 63 23 avoid

451 1155 133 29 compliance
592 1155 51 23 with
652 1155 39 23 this
700 1160 37 17 act.

319 1225 195 24 Common-Sense
522 1225 68 30 Legal
599 1226 92 23 Reform

410 1296 46 24 Bob
466 1296 54 24 Dole
529 1297 137 23 understands
674 1297 41 24 that
723 1298 33 21 the
764 1296 109 24 American
882 1295 73 29 people
963 1296 85 21 deserve
1056 1300 13 17 a
1076 1294 53 29 legal
1132 1281 87 47 sysem
1223 1296 41 22 that
1272 1302 90 23 protects
1370 1298 34 22 the

320 1333 66 28 rights
396 1331 26 24 of
428 1333 34 22 the
472 1332 79 29 injured
560 1332 41 23 and
609 1332 34 23 the
652 1331 140 30 pocketbooks
800 1330 23 25 of
830 1330 120 25 consumers
959 1329 52 24 from
1019 1330 33 22 the
1061 1329 60 29 greed
1129 1330 39 23 and
1177 1329 104 25 influence
1289 1325 18 40 of
1303 1331 62 23 trial

322 1368 97 27 lawyers.

411 1417 72 24 Abuse
492 1409 21 41 of
507 1416 50 25 the
567 1417 54 29 legal
630 1422 77 23 system
716 1416 92 30 impedes
815 1414 109 25 economic
932 1414 79 29 growth
1018 1413 41 24 and
1066 1414 54 24 hurts
1128 1414 60 23 small
1196 1414 126 25 Susinesses,
1331 1415 66 25 limits

321 1453 60 23 work
390 1453 153 29 opportunities
552 1452 33 25 for
593 1453 60 23 chose
660 1452 85 30 seeking
750 1452 55 30 jobs,
814 1452 39 23 and
860 1450 99 29 damages
967 1450 32 22 the
1007 1449 180 30 competitiveness
1199 1449 22 24 of
1225 1449 112 25 American

321 1493 133 23 companies.
470 1486 44 24 The
523 1492 46 18 cost
577 1492 21 18 to
608 1487 33 24 the
650 1487 109 24 American
766 1486 74 31 people
848 1486 17 23 is
874 1485 122 30 staggering:
1012 1484 26 28 by
1047 1490 40 18 one
1094 1485 99 26 estimate,
1202 1485 81 23 lawsuit
1291 1486 65 23 abuse

324 1522 95 27 imposes
429 1528 26 17 an
463 1521 100 24 effective
571 1522 116 27 “litigation
695 1521 44 24 tax”
749 1521 23 24 of
806 1520 26 24 $152
840 1520 74 24 billion
922 1525 35 22 per
964 1524 47 23 year
1018 1524 28 17 on
1054 1520 33 21 the
1095 1518 47 23 U.S.
1152 1525 107 23 economy.
1275 1525 65 18 (Soure:

324 1562 92 21 Tillingnast,
422 1563 59 16 Newwon,
487 1563 14 16 &
507 1562 68 17 Wares),
593 1555 95 29 Lawyers
697 1561 53 18 must
757 1556 26 23 be
791 1556 59 22 made
858 1559 20 18 to
887 1554 74 23 realize
969 1553 41 23 chat
1016 1559 38 17 our
1061 1553 89 24 nation’s
1158 1553 53 29 legal
1219 1559 79 23 system
1307 1554 18 23 is

325 1591 105 28 designed
438 1596 21 17 to
468 1591 62 23 make
539 1591 32 21 the
581 1591 80 28 injured
669 1591 73 23 whole,
751 1596 34 18 not
793 1596 20 18 to
822 1590 59 24 make
889 1589 44 23 trial
942 1589 84 26 lawyers
1034 1587 49 24 rich.

415 1639 44 24 The
468 1645 82 18 current
557 1645 79 23 system
644 1646 124 23 encourages
776 1638 79 25 lawsuit
863 1637 69 24 abuse.
948 1637 126 29 Outrageous
1082 1637 91 30 punitive
1181 1639 88 28 damage
1277 1638 154 23 awards—such

328 1682 22 16 as
360 1675 34 23 the
403 1674 50 24 $2.7
462 1675 82 24 million
552 1681 41 17 one
602 1681 75 23 person
685 1681 41 17 was
734 1674 107 30 originally
849 1673 93 23 awarded
950 1672 50 24 after
1007 1672 83 29 spilling
1098 1668 139 47 McDonald's
1245 1673 70 23 coffee
1324 1679 28 17 on
