2176 1679
134 104 65 12 ...
222 66 111 50 and
353 66 155 51 there
528 65 48 50 is
598 81 33 34 a
652 65 314 52 difference.

135 135 44 21 The
190 137 146 20 cornerstone
347 136 23 21 of
382 135 168 22 REPUBLICAN
561 136 130 24 philosophy
703 136 18 20 is
732 136 37 21 the
780 137 65 21 belief
856 138 44 20 that
911 137 57 20 each

135 176 48 16 man
196 172 18 20 is
226 172 140 25 responsible
378 172 33 21 for
423 173 33 20 his
468 177 49 16 own
531 172 64 24 place
608 172 18 20 in
639 176 39 16 our
690 172 93 25 society.
797 173 123 21 Individuals
932 177 37 16 are

134 208 144 26 encouraged
295 208 29 25 by
339 209 38 20 the
395 207 167 22 REPUBLICAN
580 207 85 21 PARTY
682 209 22 19 to
721 208 58 21 work
794 210 23 20 to
833 213 83 17 secure
932 210 37 19 the

135 244 96 21 benefits
241 244 23 22 of
276 245 86 25 society
374 244 32 22 for
417 245 143 22 themselves,
572 244 53 20 their
637 244 95 22 families,
744 244 42 21 and
798 244 32 23 for
841 245 67 21 those
920 246 49 20 who

134 284 37 17 are
181 280 78 21 unable
268 282 23 20 to
300 285 52 17 care
361 280 33 22 for
402 280 143 22 themselves.

136 352 168 22 DEMOCRATS
314 358 37 16 are
361 358 61 16 more
433 353 72 25 willing
516 354 22 19 to
549 349 142 25 subordinate
702 353 109 20 individual
821 354 67 25 rights
899 355 22 20 to
932 355 37 19 the

134 389 108 21 assumed
253 389 75 21 needs
338 389 23 21 of
372 390 37 20 the
421 394 75 20 group.
508 388 60 26 They
580 393 93 17 assume
683 389 44 21 that
738 390 87 24 society
836 390 133 25 collectively

135 425 18 21 is
161 425 140 25 responsible
310 425 33 22 for
352 426 58 20 each
419 424 24 22 of
452 425 27 21 its
488 425 118 21 members.
617 424 60 26 They
687 425 63 25 place
760 426 48 20 less
817 426 114 25 emphasis
940 431 29 16 on

135 461 108 21 individual
252 461 122 25 enterprise
383 461 43 21 and
436 461 101 20 initiative.

134 573 263 30 GOVERNMENT
410 574 78 29 AND
500 574 72 29 THE
585 574 206 30 GOVERNED

135 619 186 22 REPUBLICANS
333 620 85 21 believe
430 621 45 21 that
488 622 143 24 government
644 621 79 21 should
736 621 29 21 be
779 622 76 20 limited
868 623 23 20 to
904 622 65 26 doing

134 655 33 22 for
180 656 80 25 people
273 657 67 21 those
353 657 73 26 things
438 657 70 21 which
521 658 52 24 they
586 659 82 19 cannot
681 658 30 20 do
724 658 32 20 for
768 658 143 21 themselves.
925 658 45 21 The

134 692 52 26 right
200 694 22 20 to
235 693 122 21 determine
370 693 109 22 individual
493 694 87 25 destiny
594 694 79 21 should
688 695 24 20 lie
726 695 18 19 in
759 695 37 20 the
810 695 72 20 hands
895 695 23 21 of
932 695 37 21 the

134 729 114 21 individual.
270 728 105 27 Similarly,
398 729 186 22 REPUBLICANS
605 731 85 20 believe
711 731 163 25 governmental
895 736 75 20 power

134 765 42 20 and
192 769 122 17 resources
328 766 80 21 should
424 767 29 20 be
469 766 52 25 kept
536 767 64 21 close
615 768 23 20 to
653 767 38 20 the
707 767 87 25 people,
810 768 92 25 through
917 768 53 20 their

134 802 58 20 state
206 801 42 21 and
261 802 132 25 community
407 802 93 23 leaders,
515 803 71 20 rather
599 803 50 20 than
664 803 130 21 centralized
808 804 19 19 in
841 803 79 21 distant
935 803 34 26 big

133 838 149 25 government.

134 909 85 21 Recent
229 909 152 21 DEMOCRAT
389 910 181 22 administrations
579 911 56 20 have
646 911 88 24 pushed
744 911 32 21 for
785 916 61 16 more
856 912 43 20 and
908 917 61 16 more

133 946 131 20 centralized
277 950 76 20 power
366 947 18 20 in
399 946 147 26 Washington,
560 947 48 22 with
622 948 126 24 secondary
761 948 162 21 consideration
937 948 32 21 for

133 982 37 20 the
186 982 66 26 rights
268 982 23 21 of
308 982 108 21 individual
432 983 91 21 citizens
540 984 42 20 and
598 984 158 20 communities.
773 983 49 21 This
838 985 42 20 has
896 985 34 20 led
947 986 21 19 to

133 1018 142 26 increasingly
290 1023 61 16 more
366 1018 83 21 federal
464 1020 97 20 controls
576 1020 43 20 and
635 1020 169 25 regimentation,
820 1020 61 21 often
897 1021 18 20 in
931 1021 37 20 the

133 1054 71 20 hands
217 1054 23 21 of
254 1055 118 20 unelected
387 1055 149 23 bureaucrats,
550 1056 92 25 causing
656 1061 13 15 a
682 1060 81 16 severe
776 1057 89 20 erosion
879 1057 22 20 of
915 1057 54 21 local

132 1091 143 25 government
284 1095 80 17 across
373 1091 38 20 the
420 1092 97 24 country.
750 1105 4 6 ‘

131 1212 202 29 ECONOMIC
347 1212 168 30 POLICIES

131 1258 185 23 REPUBLICANS
332 1259 84 20 believe
433 1259 18 20 in
468 1260 37 20 the
521 1260 139 24 competitive
677 1259 179 25 free-enterprise
873 1261 92 24 system.

131 1295 122 21 Individuals
265 1296 58 20 must
336 1295 29 21 be
377 1295 47 20 free
436 1297 23 19 to
472 1300 42 16 use
526 1296 53 20 their
590 1296 86 20 talents.
689 1295 49 21 This
750 1296 18 20 is
780 1297 37 19 the
830 1296 42 25 key
884 1298 22 19 to
919 1301 46 19 per-

130 1331 62 21 sonal
205 1331 42 21 and
261 1332 92 20 national
366 1332 128 25 prosperity.
509 1331 187 22 REPUBLICANS
709 1332 85 20 believe
807 1333 44 20 that
866 1333 37 20 the
916 1333 50 24 only

133 1369 59 21 limits
204 1370 22 20 to
240 1373 26 16 an
280 1368 130 21 individual's
423 1368 137 24 opportunity
574 1369 22 19 to
609 1368 105 28 succeed
727 1372 37 15 are
777 1368 37 20 the
829 1368 59 21 limits
900 1368 23 21 of
936 1369 33 20 his

129 1408 49 16 own
188 1404 95 20 initiative
292 1404 42 20 and
344 1404 128 24 enterprise.
647 1401 32 17 aid

130 1475 167 21 DEMOCRATS
312 1480 41 20 say
367 1476 44 20 that
426 1476 37 20 the
478 1480 111 21 economy
604 1476 18 20 is
637 1477 38 19 too
690 1476 145 24 complicated
850 1478 22 19 to
887 1477 29 20 be
931 1477 36 20 left

129 1512 22 19 to
164 1512 46 20 free
224 1512 122 24 enterprise
359 1512 71 23 alone,
444 1512 43 20 and
501 1512 111 20 therefore
626 1513 58 20 must
697 1512 29 21 be
740 1513 117 24 subjected
871 1514 22 19 to
907 1518 59 15 ever-

129 1548 121 25 increasing
260 1548 97 20 controls
367 1548 28 25 by
406 1548 37 21 the
453 1548 82 21 federal
546 1550 151 24 government.
709 1548 59 25 They
779 1553 41 24 say
831 1549 44 27 that
886 1554 29 19 we
929 1554 37 16 are

129 1585 110 24 “entering
260 1589 28 16 an
309 1589 38 16 era
368 1584 22 21 of
412 1585 131 20 limitations’
565 1586 43 19 and
631 1585 111 21 therefore
763 1580 58 26 must
842 1586 66 20 lower
929 1591 38 16 our

129 1621 107 20 individual
245 1621 116 20 economic
370 1622 161 23 expectations.

1077 58 7 49 eat
1074 0 13 51 ala

1224 91 165 29 FOREIGN
1402 90 136 30 POLICY

1224 136 186 21 REPUBLICANS
1424 137 84 20 believe
1523 138 44 20 that
1582 143 73 19 peace
1670 140 43 19 and
1728 139 99 21 freedom
1842 144 42 16 can
1899 140 29 20 be
1943 142 117 22 protected

1223 174 49 24 only
1287 173 12 19 if
1314 172 97 20 America
1425 173 111 21 maintains
1550 179 13 16 a
1577 175 98 20 defense
1690 175 62 21 force
1767 177 75 24 strong
1856 176 89 25 enough
1960 177 23 20 to
1997 177 64 21 deter

1223 214 41 20 any
1274 213 128 21 aggressor.
1414 208 186 24 REPUBLICANS
1609 212 46 20 turn
1664 216 62 21 away
1736 212 53 20 from
1799 213 37 20 the
1845 212 136 25 paternalism
1990 213 23 20 of
2022 213 38 22 the

1224 246 53 20 50's
1288 246 43 19 and
1342 250 128 21 encourage
1480 246 63 22 other
1553 248 86 20 nations
1650 248 23 20 to
1683 248 104 21 shoulder
1798 249 156 25 responsibility
1965 249 32 21 for
2007 250 53 21 their

1223 286 49 16 own
1285 281 118 24 problems.
1418 281 186 24 REPUBLICANS
1616 289 91 20 oppose
1720 289 154 21 unnecessary
1888 285 139 22 intervention
2040 287 19 20 in

1223 318 36 19 the
1275 318 86 20 internal
1375 318 73 21 affairs
1462 320 22 20 of
1499 320 63 21 other
1577 321 86 20 nations
1678 321 43 20 and
1736 322 73 19 stress
1825 321 84 25 helping
1923 326 40 16 our
1977 322 83 22 friends

1223 354 82 19 around
1323 354 36 20 the
1377 354 66 25 globe
1460 356 95 25 develop
1573 357 37 20 the
1628 356 57 21 skills
1703 357 43 20 and
1764 357 113 25 strengths
1894 362 125 21 necessary
2037 360 22 19 to

1223 390 86 23 protect
1316 390 144 22 themselves.

1222 443 44 20 The
1278 443 151 22 DEMOCRAT
1440 446 60 24 party
1511 446 41 20 has
1563 445 111 20 vacillated
1686 445 105 20 between
1802 446 98 19 extreme
1911 445 146 25 isolationism,

1222 480 139 21 intervention
1376 481 43 20 and
1434 481 159 21 confrontation
1608 481 78 20 tactics
1702 481 19 19 in
1735 485 72 16 cases
1822 481 39 20 like
1875 481 104 24 Vietnam,
1995 481 64 22 Cuba

1222 516 42 20 and
1278 516 77 21 Korea.
1370 517 49 21 This
1432 518 145 20 inconsistent
1589 517 83 25 foreign
1686 517 70 25 policy
1770 517 41 20 has
1823 517 112 21 confused
1948 522 39 16 our
1999 518 60 21 allies

1222 553 42 20 and
1272 554 144 25 encouraged
1423 559 40 15 our
1470 554 102 24 potential
1579 554 108 20 enemies.

1221 644 265 30 GOVERNMENT
1497 646 190 28 SPENDING
1700 646 78 28 AND
1790 646 123 29 TAXES

1222 687 185 21 REPUBLICANS
1415 687 124 25 constantly
1547 687 64 20 strive
1620 688 22 19 to
1650 688 37 19 cut
1695 687 163 25 governmental
1866 687 110 25 spending
1984 687 44 21 and
2036 688 22 20 to

1221 724 105 20 eliminate
1344 724 78 25 costly,
1441 724 138 25 overlapping
1597 723 43 21 and
1658 728 155 20 unnecessary
1831 723 162 26 governmental
2011 728 47 20 pro-

1221 764 79 21 grams.
1319 761 104 20 Because
1439 759 186 21 REPUBLICANS
1641 760 85 20 believe
1742 760 45 20 that
1802 760 37 20 the
1855 760 108 21 individual
1979 760 79 21 should

1221 797 82 30 control
1323 797 32 20 his
1373 797 43 20 and
1434 797 164 24 government's
1617 797 150 24 pocketbook,
1787 796 52 25 they
1857 797 84 20 believe
1960 797 45 20 that
2023 798 35 19 tax

1221 833 116 20 increases
1345 833 78 20 should
1432 833 29 20 be
1468 833 67 20 voted
1543 837 59 20 upon
1610 833 29 25 by
1647 833 37 20 the
1693 833 88 24 people.

1221 883 45 21 The
1276 883 151 21 DEMOCRAT
1435 884 54 20 view
1499 884 18 20 is
1526 884 44 20 that
1579 884 37 20 the
1625 883 83 21 federal
1718 885 143 24 government
1870 885 77 20 knows
1956 884 50 21 how
2015 885 43 20 and

1203 920 92 20 “where
1311 921 22 19 to
1349 920 73 24 spend
1438 924 81 21 money
1534 920 33 20 for
1582 920 54 21 local
1652 921 74 20 needs
1742 921 72 20 better
1828 921 50 20 than
1894 921 89 20 elected
1998 925 59 16 com-

1221 957 78 24 munity
1313 956 94 23 leaders,
1422 957 43 19 and
1478 956 83 20 federal
1575 957 143 20 bureaucrats
1732 957 78 20 should
1824 957 102 20 continue
1940 958 22 19 to
1975 957 83 21 control

1221 993 37 19 the
1272 992 49 20 flow
1335 992 23 20 of
1372 992 66 21 funds
1453 993 21 19 to
1489 993 37 20 the
1541 993 73 20 states
1628 993 43 20 and
1686 993 104 20 localities
1804 993 43 20 and
1861 993 80 20 dictate
1957 993 49 21 how
2021 993 37 21 the

1221 1029 118 24 taxpayers
1347 1033 79 20 money
1434 1029 36 19 will
1478 1029 29 20 be
1515 1030 74 23 spent.

1218 1117 72 28 THE
1301 1117 144 29 FUTURE

1220 1161 98 21 America
1333 1161 41 21 has
1389 1162 123 24 prospered
1527 1163 70 20 under
1611 1162 38 20 the
1664 1163 114 24 two-party
1794 1164 85 23 system
1895 1163 102 21 because
2013 1168 44 19 one

1220 1199 60 24 party
1291 1198 41 20 has
1342 1198 83 24 always
1434 1199 81 20 served
1527 1200 22 19 to
1560 1199 73 20 check
1644 1199 37 20 the
1693 1204 116 15 excesses
1819 1199 23 20 of
1853 1200 36 20 the
1900 1200 69 20 other.
1982 1199 74 24 Often,

1220 1234 52 21 both
1287 1235 80 23 parties
1381 1239 68 21 agree
1463 1240 28 15 on
1507 1235 36 20 the
1558 1235 118 24 problems,
1693 1235 47 21 less
1754 1235 61 21 often
1829 1236 51 24 they
1894 1240 68 21 agree
1976 1240 29 16 on
2020 1236 37 20 the

1220 1271 113 20 solutions.
1354 1270 44 21 The
1417 1272 47 19 root
1483 1271 23 20 of
1525 1273 58 19 most
1602 1272 23 20 of
1644 1272 53 20 their
1715 1272 136 20 differences
1870 1273 18 19 is
1907 1273 148 23 perspective:

1220 1306 169 21 DEMOCRATS
1405 1308 52 19 tend
1473 1309 22 19 to
1512 1309 74 19 stress
1602 1313 12 15 a
1631 1308 111 24 powerful,
1760 1308 130 20 centralized
1907 1309 150 24 bureaucracy

1219 1341 71 20 aimed
1301 1342 21 19 at
1333 1342 82 25 solving
1427 1343 53 20 local
1491 1344 43 19 and
1545 1344 91 20 national
1647 1344 112 24 problems
1770 1344 52 21 from
1834 1345 36 19 the
1882 1345 37 23 top
1930 1345 64 20 down
2007 1354 25 4 —
2043 1349 14 16 a

1219 1380 90 20 method
1317 1380 76 23 which,
1403 1380 54 20 after
1466 1381 32 20 40
1507 1385 66 20 years
1580 1381 22 20 of
1611 1381 41 20 trial
1660 1381 18 20 is
1686 1386 13 15 a
1707 1385 82 20 proven
1797 1381 78 20 failure.

1220 1433 186 22 REPUBLICANS
1423 1435 84 20 believe
1525 1436 18 18 in
1561 1436 107 20 solutions
1685 1435 70 21 which
1771 1440 38 15 are
1826 1435 95 21 decided
1938 1440 59 19 upon
2014 1436 43 20 and

1219 1470 154 24 implemented
1398 1471 28 24 by
1451 1472 36 19 the
1513 1472 81 23 people
1619 1472 145 22 themselves,
1791 1472 90 25 through
1906 1472 52 20 their
1983 1472 74 25 locally

1219 1507 89 20 elected
1321 1508 193 22 representatives.
1529 1507 186 21 REPUBLICANS
1728 1508 84 20 believe
1825 1508 43 20 that
1881 1508 36 20 the
1929 1508 93 21 solution
2034 1508 23 20 of

1219 1543 119 20 America’s
1352 1543 111 24 problems
1477 1544 39 20 lies
1531 1544 18 19 in
1564 1544 37 20 the
1616 1545 120 24 greatness
1751 1544 22 20 of
1788 1544 37 20 the
1840 1544 111 21 American
1967 1544 88 24 people.

1220 1608 117 46 yes,
1361 1593 154 50 there
1535 1593 48 50 is
1605 1611 32 32 a
1659 1594 377 56 difference!!!
