1695 2235
796 109 197 50 VETERANS

632 161 10 37 |
653 161 53 37 gmt
833 173 112 24 FOR

636 165 359 87 DOLE

573 322 60 26 30B
648 325 80 26 DOLE
741 341 7 4 -
758 329 21 23 A
792 326 149 29 VETERAN
953 329 131 27 LEADER

225 400 63 25 Weil
301 403 144 30 acquainted
457 405 55 23 ‘with
524 407 114 25 veterans’
652 409 69 25 needs
732 410 45 25 and
787 410 38 26 the
836 410 154 34 Department
999 412 32 27 of
1037 413 115 29 Veterans
1163 417 97 30 Affairs,
1273 415 54 31 Bob
1336 421 61 27 Dole

224 449 70 25 spent
307 443 29 25 39
349 443 100 26 months
458 447 137 33 recovering
608 448 58 26 from
678 451 101 25 massive
789 451 96 33 injuries
896 453 111 26 received
1017 454 73 27 while
1101 456 95 35 leading
1205 467 14 17 a
1228 460 96 32 platoon
1334 462 30 26 of
1371 464 37 25 the

227 484 56 25 10th
295 485 128 26 Mountain
436 486 112 27 Division
559 489 23 25 in
593 489 79 27 World
684 491 52 26 War
747 492 25 25 {I.
792 493 35 26 He
837 501 50 19 was
897 495 110 25 awarded
1017 496 41 25 the
1069 496 93 28 Bronze
1172 499 52 27 Star
1233 502 56 25 with
1300 502 20 23 V
1330 504 84 26 device

222 525 48 24 and
281 530 49 20 two
342 526 86 33 Purple
440 527 90 27 Hearts.
553 530 75 26 While
638 532 166 34 championing
815 533 69 28 fiscal
895 536 188 33 responsibility,
1094 538 53 27 Bob
1158 540 62 26 Dole
1231 541 96 27 insisted
1337 552 32 17 on

222 564 46 26 fair
278 567 48 24 and
336 568 123 31 equitable
471 569 99 34 funding
582 571 35 26 for
627 573 113 26 veterans’
751 582 130 25 programs,
892 577 46 25 and
947 577 30 26 he
987 577 143 34 steadfastly
1140 581 98 26 resisted
1248 583 82 26 efforts
1341 590 23 20 to

221 606 57 31 play
289 608 106 31 partisan
407 609 96 31 politics
514 612 57 24 with
582 613 63 25 these
655 614 86 26 critical
753 615 82 26 issues.
854 618 23 24 A
887 616 89 27 former
984 620 120 25 veterans’
1116 621 92 26 service
1218 622 91 28 officer,
1320 625 30 24 he

221 648 89 31 speaks
321 654 42 19 out
374 648 130 34 forcefully
514 660 31 17 on
557 653 37 24 the
605 654 98 26 nations’
715 656 138 33 continuing
863 657 132 33 obligation
1006 664 24 20 to
1041 661 100 30 provide
1152 661 37 26 for
1199 663 65 25 those
1276 665 52 24 who
1339 665 61 26 have

221 687 63 26 been
294 688 111 26 disabled
418 691 23 24 in
453 692 101 30 military
565 694 96 25 service.
682 695 50 25 Bob
744 696 58 25 Dole
813 697 49 25 will
872 699 112 24 continue
994 699 69 25 close
1073 703 154 29 cooperation
1237 704 56 24 with
1304 711 111 20 veterans

220 729 96 24 service
326 731 179 30 organizations
516 733 46 24 and
573 740 128 25 grassroots
712 741 103 21 veterans
826 735 95 39 groups.

218 892 36 24 As
266 891 89 25 Senate
366 893 116 32 Majority
493 895 95 30 Leader,
600 897 50 25 Bob
662 897 69 26 Dole-

270 973 104 26 Insisted
385 975 49 25 that
445 977 116 25 veterans’
573 980 176 31 compensation
760 981 116 26 increases
887 982 45 25 and
941 983 117 32 pensions
1068 990 41 20 not
1120 985 28 25 be
1159 986 178 33 shortchanged.

269 1055 127 26 Protected
407 1057 39 25 the
457 1059 115 25 veterans’
585 1060 77 25 health
671 1068 51 18 care
732 1062 86 32 budget
829 1062 61 26 from
900 1063 38 25 the
948 1064 60 32 deep
1019 1070 52 20 cuts
1090 1067 157 30 experienced
1257 1068 29 30 by
1297 1075 63 19 most

269 1096 70 24 other
348 1096 120 26 domestic
478 1105 129 25 programs.

269 1177 76 24 Made
356 1179 118 25 veterans’
486 1180 148 26 educational
644 1181 107 29 benefits,
761 1184 58 25 such
828 1191 26 18 as
864 1184 39 26 the
912 1184 32 27 GI
955 1185 56 29 Bill,
1022 1193 14 18 a
1046 1190 40 28 top
1097 1187 105 32 priority;
1213 1188 28 25 he
1251 1189 100 26 himself

268 1218 140 32 completed
419 1219 37 25 his
467 1220 126 27 education
603 1222 67 33 using
680 1223 87 26 similar
776 1224 109 27 benefits.
1215 1242 8 9 .

269 1299 107 32 Pledged
387 1306 41 19 not
439 1306 23 20 to
473 1307 46 19 rest
529 1303 58 24 until
598 1303 61 25 there
670 1304 18 25 is
698 1312 13 16 a
721 1304 78 26 fullest
808 1306 106 31 possible
923 1307 145 31 accounting
1077 1307 31 25 of
1114 1308 38 25 the
1162 1309 74 25 MIAs
1245 1311 46 24 and
1301 1311 83 25 POWs

269 1338 25 23 in
304 1339 114 23 Vietnam
428 1341 47 22 and
486 1341 68 23 Laos.
575 1341 104 25 Initiated
689 1344 43 23 and
742 1344 84 30 passed
835 1351 15 17 a
859 1344 85 25 Senate
953 1345 133 25 resolution
1096 1350 23 20 to
1129 1347 93 31 display
1233 1348 36 24 the

268 1377 149 26 POW/MIA
429 1378 48 32 flag
488 1379 24 25 in
521 1380 39 24 the
570 1380 93 32 Capitol
673 1382 107 26 Rotunda
789 1383 58 25 until
857 1384 48 25 that
913 1384 145 32 accounting
1068 1385 42 25 has
1120 1386 70 25 taken
1200 1383 71 40 place.

267 1457 138 32 Supported
415 1465 96 26 prompt
520 1461 129 25 resolution
658 1461 29 26 of
693 1463 37 24 the
739 1464 120 31 questions
869 1464 158 32 surrounding
1037 1466 117 25 veterans’
1166 1473 115 25 exposure
1291 1472 23 20 to

266 1499 83 29 Agent
359 1498 97 32 Orange
467 1500 45 24 and
523 1500 104 32 ionizing
636 1501 119 27 radiation.

268 1577 125 25 Endorsed
405 1580 77 29 repeal
494 1579 29 24 of
530 1580 37 24 the
579 1581 93 25 Wamer
682 1583 156 25 Amendment
848 1584 77 24 which
935 1583 42 25 left
987 1584 98 25 Atomic
1097 1585 112 25 Veterans
1220 1587 55 24 ‘vith
1286 1595 29 16 no
1327 1588 60 30 legal

267 1617 128 25 remedies.

268 1697 136 32 Supported
415 1699 85 25 ettorts
511 1704 22 20 to
546 1700 103 31 improve
659 1703 167 30 opportunities
837 1703 37 25 for
882 1709 107 20 veterans
999 1708 24 21 to
1033 1709 64 24 start,
1107 1712 62 20 own,
1180 1706 45 24 and
1235 1711 93 26 operate

267 1737 148 25 businesses.
437 1739 36 24 Fle
483 1740 116 24 endorsed
609 1741 81 25 efforts
700 1747 22 20 to
732 1744 102 30 upgrade
843 1748 91 20 current
943 1744 105 25 services
1058 1744 46 24 and
1113 1752 121 24 programs
1245 1751 22 19 to
1278 1746 98 31 provide

267 1778 203 30 comprehensive
480 1779 129 25 assistance
619 1785 22 20 to
652 1786 102 21 veterans
764 1783 96 31 starting
870 1783 59 25 their
937 1790 55 17 own
1001 1783 146 25 businesses.

268 1857 152 25 Maintained
430 1859 39 24 the
479 1859 166 32 development
655 1861 29 25 of
689 1869 118 23 programs
818 1867 23 20 to
851 1862 95 25 address
955 1862 39 25 the
1004 1863 89 31 unique
1104 1864 78 24 health
1191 1871 52 17 care
1252 1865 72 24 needs
1335 1864 30 25 of

268 1904 44 16 our
322 1904 97 17 women
429 1903 115 20 veterans.

268 1975 70 25 Gave
348 1975 58 31 high
416 1977 149 30 recognition
576 1983 21 19 to
609 1979 36 24 the
655 1980 94 30 bravery
759 1981 44 24 and
813 1981 112 25 devotion
934 1985 24 21 to
968 1981 57 30 duty
1035 1981 31 25 of
1072 1981 30 25 all
1112 1988 43 18 our
1164 1982 102 25 nation’s
1276 1988 114 19 veterans.

45 2084 135 21 Authorized
189 2085 44 21 and
243 2086 53 28 paid
307 2086 34 21 for
349 2086 28 28 by
388 2087 56 20 Dole
454 2087 38 21 For
501 2088 117 23 President,
628 2090 46 23 Inc.,
684 2091 75 21 Robert
769 2093 125 28 Lighthizer,
902 2093 113 20 Treasurer

45 2129 38 22 810
92 2129 52 23 First
151 2131 75 24 Street,
234 2132 122 22 Northeast
368 2139 9 9 *
388 2133 61 21 Suite
459 2134 39 21 300
510 2140 9 9 *
530 2135 146 29 Washington,
685 2137 49 22 D.C.
744 2139 64 21 20002
820 2145 9 10 «
840 2140 56 25 (202)
904 2139 103 21 414-6400
