1691 2179
311 184 28 19 He
347 183 67 19 would
423 182 56 20 focus
487 183 49 24 drug
545 182 68 20 efforts
622 188 26 15 on
656 184 88 20 children
758 194 12 10 in
777 190 53 19 Pumng

310 214 49 16 People
365 212 38 15 First.
409 216 12 13 p.
429 212 15 14 73

905 187 58 20 Since
974 188 56 20 1992.
1040 188 52 20 there
1101 188 34 19 has
1144 188 50 20 been
1202 194 12 15 a
1221 190 48 20 65%
1279 191 85 20 increase
1373 191 19 20 in
1400 191 32 20 the

904 219 83 21 number
993 219 25 21 of
1023 219 48 27 high
1079 220 69 20 school
1157 221 76 21 seniors
1241 222 57 26 using
1306 222 58 26 drugs
1373 228 84 19 Monitonng

904 249 22 15 the
932 249 52 16 Future,
990 250 41 16 HHS.
1040 250 39 16 12/95

311 294 28 20 He
348 292 66 20 would
422 297 75 21 oppose
505 293 59 20 racial
573 298 69 21 quotas
657 304 13 10 in
677 300 54 19 Purang
737 301 49 18 People
792 302 38 16 First,
842 306 3 14 p
851 303 18 14 64
883 288 13 38 |
904 298 79 21 Clinton
991 299 113 21 threatened
1112 299 32 21 the
1152 299 113 27 University
1273 300 25 21 of
1303 301 108 21 California

904 331 46 21 with
958 331 32 21 the
999 332 40 21 loss
1047 332 25 21 of
1077 332 45 21 $2.5
1132 331 70 22 billion
1210 333 91 26 annually
1310 334 57 20 when
1374 334 32 20 the

905 363 64 22 Board
976 364 26 21 of
1006 364 87 27 Regents
1101 364 59 21 voted
1167 368 21 18 to
1196 365 39 21 end
1242 365 114 21 race-based

904 396 119 21 admissions
1030 403 38 15 Leon
1074 403 59 15 Paneta,
1140 402 35 16 Face
1180 403 23 15 the
1209 403 54 16 Nation,
1270 403 55 15 7/23/95

311 447 35 21 His
353 447 155 22 administration
517 448 68 21 would
592 449 57 20 make
652 443 10 37 a
676 449 63 21 better
745 449 60 21 effort
811 454 21 17 to
904 451 96 27 Opposed
1007 453 124 26 Proposition
1142 453 37 21 187
1194 459 27 15 Bill
1227 459 60 17 Clinton,
1292 459 28 15 San
1325 459 77 22 Francisco,

310 480 80 22 enforce
399 480 132 26 immigration
540 481 48 21 laws
600 487 13 14 in
620 487 30 14 Van
656 487 44 18 Nuys,
705 486 27 16 CA
737 487 56 15 5/1893
906 482 54 15 11494

312 537 29 21 He
348 536 68 21 would
423 536 45 26 help
475 536 112 22 California
593 537 47 20 bear
645 537 34 20 the
686 542 44 16 cost
737 537 25 21 of
767 537 66 27 illegal
904 539 109 22 California
1020 546 41 15 was
1070 541 68 21 forced
1145 545 21 17 to
1173 547 36 15 sue
1217 542 32 20 the
1257 542 73 20 federal

312 568 131 27 immigration
455 574 14 15 in
475 574 27 15 San
508 574 78 16 Francisco,
591 574 26 15 CA
624 574 55 15 11/4/94
904 576 130 22 government
1040 576 21 17 to
1069 579 81 15 recover
1156 573 33 21 the
1197 578 44 17 cost
1247 574 25 21 of
1277 574 66 26 illegal

905 603 132 27 immigration
1052 611 82 14 Associssed
1139 611 45 15 Press,
1189 611 57 15 9/29/94

312 658 29 20 He
349 656 67 21 would
423 655 39 21 add
469 662 55 15 more
532 656 71 21 border
609 657 74 25 patrols
690 661 21 16 to
719 656 45 27 help
772 657 72 21 reduce
905 658 98 22 Clintonâ€™s
1012 659 43 21 first
1062 660 73 26 budget
1142 665 33 16 cut
1183 660 70 22 border
1260 662 72 25 patrols
1347 667 58 15 Gannen
1411 668 41 14 News

313 689 64 25 illegal
386 688 131 26 immigration
530 693 77 16 Califomia
612 694 42 15 Town
660 694 68 18 Meeting,
735 694 54 15 10/3/93
904 688 60 17 Servies,
971 689 55 16 7/21/93

251 745 24 20 17
287 739 13 37 |
312 744 30 21 He
349 743 67 21 would
424 743 111 21 streamline
543 743 74 21 federal
625 743 120 26 regulations
761 739 38 37 CNN
808 739 62 37 Moming
885 739 10 37 |
904 745 76 27 During
988 746 24 21 its
1020 746 43 21 first
1076 747 5 20 3
1090 752 62 20 years,
1161 747 32 21 the
1201 748 79 21 Clinton
1288 749 161 21 Administration

312 775 46 14 News,
366 773 61 16 11/2091
904 776 35 22 has
947 778 105 25 generated
1059 778 32 21 the
1098 783 53 16 most
1157 783 42 16 text
1206 779 20 21 in
1233 785 12 15 a
1252 780 69 26 3-year
1327 781 69 25 period
1404 781 18 20 in

904 809 32 21 the
944 810 79 20 Federal
1032 810 89 26 Register
1128 821 17 5 --
1153 817 11 14 a
1172 816 89 16 measure
1269 812 24 21 of
1299 812 100 21 increased

904 841 108 26 regulation
1021 852 17 5 --
1046 842 54 21 since
1107 842 32 21 the
1147 843 68 20 Carter
1222 843 161 22 Administration
1397 850 48 15 ortce

904 871 17 15 of
924 871 23 15 the
952 871 55 16 Federal
1013 872 67 18 Register,
1085 873 34 15 3/96

313 917 29 20 He
350 916 67 21 would
424 916 82 26 provide
513 916 60 21 relief
585 920 19 17 to
612 916 74 21 hi-tech
695 917 114 26 companies

905 918 62 21 When
975 919 100 27 Congress
1082 920 72 26 passed
1161 920 111 27 legislation
1280 922 98 26 requiring
1385 922 69 26 higher

312 947 61 16 Address
378 951 14 11 to
397 947 76 15 California
478 947 76 15 Economic
559 947 92 16 Conference,
656 947 57 15 2/16/93

905 951 100 21 standards
1013 951 32 21 for
1051 952 101 21 securities
1160 952 87 22 lawsuits
1254 957 20 17 to
1282 957 74 23 protect
1363 954 73 21 hi-tech

905 983 120 26 companies,
1033 983 80 22 Clinton
1121 985 71 20 vetoed
1201 984 14 21 it
1231 991 72 15 vetoed
1288 979 13 35 on
1310 991 64 15 12/19/95

314 1037 29 21 He
351 1037 66 20 would
424 1036 82 27 provide
511 1036 161 27 job-generating
680 1037 108 21 incentives
794 1041 22 17 to
823 1037 29 21 hi-
878 1032 13 35 |
904 1038 80 22 Clinton
991 1039 72 21 vetoed
1070 1040 33 21 the
1109 1041 104 20 extension
1220 1041 25 20 of
1249 1041 32 21 the
1289 1042 96 20 Research
1393 1042 38 20 and

313 1069 44 21 tech
364 1068 115 27 companies
493 1075 62 14 Address
559 1077 15 12 to
579 1074 76 15 California
660 1074 76 16 Economic
741 1074 91 17 Conference,
905 1071 144 27 Development
1056 1076 32 17 tax
1096 1072 61 21 credit
1171 1079 49 14 vetoed
1225 1082 18 12 on
1251 1078 53 16 12/6/95

314 1099 55 16 21693

315 1147 29 21 He
351 1146 67 21 would
425 1146 94 21 maintain
526 1152 12 15 a
546 1151 66 22 strong
619 1146 85 26 military
724 1156 13 11 at
745 1142 24 35 Los
777 1142 62 35 Angeies

314 1177 47 15 World
366 1177 52 15 Affairs
423 1177 64 16 Council,
492 1177 57 15 8/13/92

905 1149 28 20 As
940 1149 31 20 his
978 1154 46 16 own
1032 1149 87 21 Defense
1127 1150 126 26 Department
1260 1151 76 24 admits,
1344 1151 79 21 Clinton

904 1180 35 21 has
946 1181 137 22 underfunded
1089 1181 33 21 the
1129 1182 85 26 military
1222 1188 22 15 so
1253 1182 13 21 it
1274 1182 15 21 is
1297 1187 33 16 not
1337 1183 81 26 capable
1425 1183 26 20 of

904 1209 104 30 procuring
1015 1219 104 20 necessary
1126 1219 107 21 weaponry
1247 1219 26 16 Los
1278 1220 61 18 Angeles
1344 1220 50 16 Times,

906 1242 63 15 linzss

316 1288 29 20 He
352 1287 67 21 would
426 1287 93 21 maintain
527 1287 32 21 the
567 1288 103 26 militaryâ€™s
678 1287 69 26 ability
753 1292 20 17 to
782 1288 50 26 fight
904 1289 98 21 Clintonâ€™s
1011 1290 86 21 Defense
1105 1291 127 25 Department
1238 1291 70 21 admits
1316 1292 14 20 it
1336 1292 67 20 would
1410 1292 24 20 be

315 1323 39 17 two
361 1319 63 25 major
431 1319 87 26 regional
526 1319 92 21 conflicts
625 1319 162 26 simultaneously
801 1325 28 15 san
905 1321 101 26 incapable
1013 1321 26 21 of
1044 1321 83 27 fighting
1134 1327 40 15 two
1181 1323 63 25 major
1251 1322 90 22 conflicts

315 1350 45 17 Diego
365 1350 46 14 Union
416 1349 63 16 Tribune,
486 1349 46 15 1/3/95
904 1352 162 26 simultaneously
1080 1359 39 18 Navy
1125 1359 50 16 Times,
1181 1359 56 15 725/94

316 1406 29 20 He
353 1406 66 20 would
427 1411 84 21 propose
518 1412 12 14 a
537 1405 66 22 health
610 1411 44 16 care
661 1406 47 26 plan
716 1406 92 21 financed
904 1407 99 21 Clintonâ€™s
1010 1408 98 26 proposed
1115 1408 65 21 health
1188 1414 44 15 care
1239 1409 45 26 plan
1292 1409 63 21 called
1362 1409 31 21 for
1399 1415 12 14 a

315 1437 81 21 without
404 1443 43 15 new
455 1442 54 16 taxes
531 1443 27 15 Los
563 1443 62 18 Angeles
629 1443 52 16 Times.
686 1443 58 16 9/25/92
905 1438 52 27 large
964 1445 44 15 new
1015 1439 76 26 payroll
1098 1443 33 17 tax
1144 1445 107 19 Congressional
1256 1446 53 18 Budget
1314 1446 51 16 Office;
1370 1446 32 15 94

317 1493 29 20 He
353 1492 67 21 would
427 1493 62 26 spend
496 1493 102 23 $100,000
605 1498 26 15 on
639 1493 30 20 his
677 1492 65 21 health
750 1498 44 15 care
800 1493 44 20 task
905 1494 112 26 According
1024 1498 20 16 to
1052 1494 63 24 GAO,
1123 1494 99 21 Clintonâ€™s
1229 1477 63 49 health
1300 1483 44 33 care
1351 1496 42 20 task
1402 1495 52 21 force

317 1524 54 21 force
378 1530 27 14 Los
410 1529 61 19 Angeles
476 1529 51 16 Times,
535 1529 64 15 11/10/95
905 1533 55 22 spent
967 1533 19 17 at
994 1529 48 21 least
1048 1530 60 21 $13.8
1116 1530 76 21 million
1210 1537 27 14 Los
1242 1536 60 19 Angeles
1307 1536 50 17 Times,
1365 1537 62 15 11/1095

241 1570 61 78 4
318 1585 29 20 He
354 1585 67 20 would
428 1585 38 20 end
480 1585 52 20 â€œsoft
539 1585 85 25 moneyâ€
631 1585 142 21 contributions
779 1589 21 17 to
904 1585 79 21 Clinton
990 1586 36 20 has
1033 1585 71 27 helped
1111 1586 32 21 the
1151 1587 55 20 DNC
1214 1588 70 20 collect
1291 1587 51 21 â€œsoft
1349 1587 83 25 moneyâ€

256 1657 26 19 25

317 1616 87 26 political
411 1617 70 25 parties
493 1622 14 14 in
513 1622 54 18 Puring
571 1622 51 18 People
627 1622 38 16 First,
670 1626 14 14 p.
689 1622 19 15 46
904 1617 141 21 contributions
1059 1623 89 18 Washington
1153 1624 37 16 Post.
1195 1624 56 15 6/24/94

320 1657 30 19 He
359 1657 15 19 is
382 1657 72 24 taking
462 1657 53 19 back
523 1657 80 20 control
611 1657 24 19 of
641 1657 96 25 Imperial
746 1658 66 19 Beach
904 1658 43 19 The
955 1658 104 25 president
1066 1659 24 19 of
1095 1659 35 19 the
1137 1659 97 20 National
1243 1660 79 20 Border
1329 1660 69 20 Patrol

320 1688 53 20 from
382 1688 105 20 criminals
494 1689 42 19 and
545 1689 34 19 the
587 1689 76 25 illegals
676 1695 15 13 in
696 1694 29 14 San
731 1694 105 18 Diego.0/10/96
904 1689 87 20 Council
998 1694 46 21 says
1052 1693 71 22 agents
1131 1696 36 14 are
1174 1691 64 20 asked
1246 1693 21 18 to
1275 1691 85 20 â€˜doctorâ€™

904 1721 96 20 statistics
1008 1721 20 20 in
1036 1726 26 15 an
1070 1721 63 20 effort
1140 1724 22 18 to
1169 1723 57 19 show
1233 1722 115 25 Operation

904 1751 131 26 Gatekeeper
1042 1753 16 19 is
1065 1758 12 14 a
1085 1758 86 15 success.
1187 1753 22 20 In
1219 1753 95 25 Imperial
1323 1753 66 20 Beach

905 1783 65 22 alone,
978 1784 34 19 the
1020 1784 68 19 actual
1096 1784 76 25 figures
1179 1785 57 19 show
1244 1790 11 14 a
1264 1784 50 20 56%
1323 1784 54 25 drop
1385 1785 19 19 in

905 1817 76 17 arrests
989 1815 90 20 between
1087 1815 54 20 June
1150 1812 51 23 1996
1208 1816 42 19 and
1257 1816 54 19 June
1320 1815 58 22 1995,
1385 1816 41 19 and

905 1850 11 14 a
925 1845 50 19 71%
984 1846 106 20 reduction
1099 1846 90 20 between
1197 1847 54 19 June
1261 1846 50 20 1996
1318 1847 41 19 and
1367 1847 55 19 June

906 1876 51 19 1994
976 1882 27 14 Los
1009 1882 61 18 Angeles
1075 1882 52 15 Times,
1132 1882 47 14 7/796

214 2023 107 21 Published
329 2023 27 25 by
363 2023 33 20 the
405 2022 55 21 RNC
468 2022 61 21 Truth
538 2022 69 26 Squad
615 2033 8 4 -
631 2023 40 20 310
680 2022 50 21 First
737 2023 70 23 Street,
816 2023 30 20 SE
854 2033 8 5 -
871 2023 137 26 Washington,
1017 2023 37 20 DC
1069 2023 67 20 20003
1145 2033 8 5 -
1161 2022 154 21 202-863-8511
1326 2033 8 4 -
1343 2022 46 21 Fax:
1398 2021 158 22 202-863-8504
