1684 2183
684 84 197 90 DOLE
910 101 208 75 KEMP

749 236 137 36 JACK
901 237 147 38 KEMP

340 332 57 26 Jack
409 332 78 34 Kemp
498 335 121 32 currently
631 334 20 26 is
662 335 147 27 co-director
818 336 30 26 of
855 337 128 33 Empower
993 339 119 30 America,
1123 347 14 18 a
1146 341 83 32 public
1239 342 84 33 policy
1333 344 48 25 and
1391 344 129 34 advocacy

239 375 165 32 organization
415 375 33 38 he
454 375 153 26 co-founded
619 376 24 26 in
658 377 60 26 1993
731 377 58 26 with
799 378 108 26 William
917 379 93 26 Bennet
1019 381 46 25 and
1075 381 168 28 Ambassador
1251 384 74 26 Jeane
1332 381 167 44 Kirkpatrick.

240 417 127 32 Empower
378 416 113 26 America
502 418 20 24 is
532 418 130 25 dedicated
672 423 24 20 to
707 418 66 26 three
784 418 117 34 founding
911 420 137 33 principles:
1059 423 139 33 expanding
1209 424 110 27 freedom
1329 427 48 25 and
1387 428 151 27 democratic

238 458 145 32 capitalism,
394 459 139 32 promoting
543 459 105 32 policies
658 464 25 20 to
693 460 96 32 expand
798 461 128 25 economic
936 462 94 31 growth
1039 462 47 26 and
1095 465 225 33 entrepreneurship
1331 466 39 26 for
1379 475 45 18 our
1433 469 93 30 nation;

238 499 47 25 and
295 499 135 32 advancing
440 499 77 26 social
528 500 104 32 policies
643 500 82 25 which
734 508 124 25 empower
866 501 96 32 people,
972 507 42 21 not
1023 509 159 26 government
1191 505 191 27 bureaucracies.

339 581 65 26 Prior
414 587 23 20 to
448 581 121 33 founding
580 582 131 33 Empower
716 582 125 32 America,
851 583 46 25 Mr.
909 583 79 33 Kemp
998 585 85 25 served
1093 584 38 27 for
1141 585 55 27 four
1204 594 69 24 years
1283 595 27 18 as
1321 588 127 33 Secretary
1458 589 32 26 of

238 622 111 33 Housing
359 623 47 25 and
416 622 82 26 Urban
508 623 190 32 Development,
708 623 48 26 and
766 623 90 33 proved
865 628 25 21 to
900 624 30 26 be
939 632 48 18 one
996 624 31 27 of
1031 633 45 18 our
1084 626 107 27 nation’s
1200 632 65 21 most
1275 628 143 27 innovative
1429 630 94 27 leaders

238 663 24 25 in
272 663 49 25 that
330 664 58 25 role.
408 664 36 25 He
454 671 51 18 was
515 664 40 25 the
566 663 53 26 first
628 664 49 25 and
687 669 120 27 strongest
815 664 117 26 advocate
941 664 31 27 of
978 665 135 34 Enterprise
1122 667 81 26 Zones
1212 673 25 21 to
1247 676 138 26 encourage

236 705 223 32 entrepreneurship
468 700 42 49 and
523 704 40 33 job
578 704 109 26 creation
697 705 25 26 in
732 705 75 26 urban
815 705 114 26 America
937 706 48 26 and
994 706 31 26 of
1030 707 137 34 expanding
1177 708 215 35 homeownership
1402 718 91 27 among
1504 713 39 26 the

237 752 61 25 poor
307 745 102 33 through
419 745 105 26 resident
534 750 173 28 management
716 746 47 26 and
772 746 137 33 ownership
918 746 31 26 of
954 747 81 33 public
1046 748 111 33 housing.

337 826 26 25 In
374 827 92 29 March,
480 827 70 29 1995,
562 827 103 26 Senator
674 827 55 26 Bob
739 827 62 26 Dole
811 828 47 25 and
868 828 105 32 Speaker
981 829 71 25 Newt
1062 830 117 33 Gingrich
1188 837 42 26 put
1239 832 59 25 Jack
1308 832 81 33 Kemp
1399 839 24 19 at
1433 834 41 25 the

235 872 82 19 center
325 866 31 26 of
361 867 40 25 the
411 872 38 20 tax
459 867 48 26 and
516 868 131 25 economic
657 868 87 25 debate
754 868 37 26 for
800 868 39 26 the
850 868 41 26 ‘96
901 869 128 33 campaign
1038 870 31 32 by
1079 871 99 33 naming
1187 872 52 25 him
1248 872 125 27 chairman
1382 873 32 26 of
1419 874 42 25 the

235 907 113 25 National
359 908 169 26 Commission
537 916 34 18 on
581 908 135 26 Economic
726 909 101 26 Growth
835 909 47 26 and
891 909 50 26 Tax
951 909 99 27 Reform
1060 916 24 20 to
1094 911 71 33 study
1175 912 57 25 how
1241 913 78 32 major
1328 915 174 32 restructuring
1511 915 32 26 of

235 955 45 18 our
288 953 40 20 tax
337 948 62 25 code
408 956 45 18 can
463 949 56 32 help
530 949 102 26 unleash
641 949 41 26 the
691 949 199 33 entrepreneurial
900 950 68 33 spirit
976 950 31 26 of
1012 951 150 31 Americans,
1172 960 69 25 grow
1249 953 40 26 the
1298 961 124 26 economy
1432 955 104 26 without

236 988 112 26 inflation
357 989 47 25 and
413 994 78 21 create
501 994 93 28 greater
603 990 157 32 opportunity
769 989 38 27 for
815 990 87 33 people
911 995 25 22 to
945 999 87 25 escape
1040 997 108 27 poverty.

336 1070 46 25 Mr.
394 1070 78 33 Kemp
482 1070 53 26 also
545 1078 83 18 serves
638 1078 27 18 as
674 1078 15 18 a
698 1071 183 33 Distinguished
891 1072 91 26 Fellow
990 1077 24 21 at
1022 1073 39 25 the
1071 1073 112 33 Heritage
1193 1074 159 31 Foundation,
1362 1083 33 18 on
1405 1076 40 25 the
1456 1077 81 25 Board

235 1109 31 27 of
272 1110 122 26 Directors
403 1110 30 26 of
439 1111 98 25 Habitat
547 1111 38 26 for
594 1112 141 32 Humanity,
745 1112 47 26 and
801 1119 50 19 was
860 1113 106 32 recently
974 1113 92 26 elected
1075 1118 25 21 to
1110 1114 39 26 the
1159 1115 80 25 Board
1248 1115 32 26 of
1284 1116 107 26 Howard

235 1151 140 32 University
385 1151 24 25 in
419 1152 168 32 Washington,
597 1152 62 26 D.C.
678 1152 27 26 In
714 1152 115 31 addition,
839 1152 30 27 he
878 1153 43 26 has
930 1153 62 26 been
1001 1154 104 26 selected
1114 1162 27 18 as
1151 1155 126 26 Domestic
1287 1156 84 32 Policy
1381 1157 150 26 Committee

235 1191 130 26 Chairman
374 1192 31 25 of
411 1192 38 25 the
459 1192 170 26 International
639 1193 153 26 Democratic
803 1193 89 30 Union,
901 1201 15 18 a
924 1194 140 26 worldwide
1072 1195 166 32 organization
1246 1196 32 26 of
1282 1197 109 32 political
1402 1197 95 26 leaders
1506 1197 32 26 of

235 1232 40 25 the
284 1232 191 32 “center-right,”
484 1232 128 26 dedicated
621 1238 25 21 to
656 1233 135 33 advancing
800 1233 40 26 the
849 1241 72 19 cause
930 1234 31 26 of
966 1235 150 32 democracy,
1126 1235 116 31 freedom,
1252 1237 48 25 and
1309 1236 50 26 free
1369 1237 95 26 market

236 1272 147 26 economics.

335 1353 88 26 Before
432 1353 38 26 his
479 1353 169 33 appointment
656 1359 25 21 to
690 1354 41 26 the
740 1354 109 30 Cabinet,
858 1355 46 25 Mr.
915 1355 79 32 Kemp
1003 1356 151 31 represented
1162 1356 40 25 the
1211 1356 100 26 Buffalo
1320 1365 55 18 area
1384 1358 48 25 and

235 1393 109 25 Western
352 1394 63 24 New
424 1393 67 26 York
500 1393 39 26 for
551 1394 28 25 18
589 1401 70 24 years
669 1394 26 26 in
703 1394 40 26 the
752 1394 89 26 United
850 1395 77 25 States
936 1395 83 26 House
1027 1395 32 25 of
1063 1396 208 32 Representatives
1281 1396 63 26 from
1357 1397 58 25 1971
1429 1403 25 20 to

237 1433 69 25 1989.
326 1433 36 25 He
372 1433 85 25 served
467 1433 38 26 for
514 1441 76 18 seven
598 1441 71 24 years
679 1433 25 26 in
712 1434 41 25 the
761 1434 149 33 Republican
919 1435 144 32 Leadership
1071 1442 27 19 as
1107 1435 130 26 Chairman
1246 1436 31 25 of
1281 1436 40 25 the
1330 1437 85 25 House

234 1473 150 31 Republican
394 1473 146 32 Leadership
550 1473 160 26 Conference.

334 1552 59 25 Jack
402 1553 78 31 Kemp
490 1560 70 18 came
569 1557 25 21 to
604 1553 123 32 Congress
736 1553 60 26 after
807 1554 27 25 13
844 1561 69 24 years
922 1561 26 19 as
957 1562 15 17 a
979 1554 159 32 professional
1149 1554 100 26 football
1259 1555 163 32 quarterback.
1443 1556 37 24 He

235 1599 50 18 was
295 1592 95 31 captain
398 1592 30 25 of
433 1592 40 25 the
483 1592 49 25 San
541 1592 81 32 Diego
632 1593 119 32 Chargers
760 1593 62 26 from
834 1593 61 26 1960
904 1598 25 21 to
942 1594 60 25 1962
1012 1594 46 25 and
1067 1594 51 25 also
1127 1594 32 25 of
1163 1594 40 25 the
1212 1594 99 26 Buffalo
1321 1595 71 29 Bills,
1402 1595 40 25 the
1453 1600 62 20 team

235 1631 30 25 he
275 1631 87 32 helped
372 1632 53 25 lead
433 1637 25 20 to
467 1632 40 25 the
517 1632 132 26 American
657 1633 110 25 Football
776 1633 95 32 League
879 1633 183 32 championship
1071 1633 24 26 in
1108 1634 61 25 1964
1179 1633 46 26 and
1238 1634 60 25 1965
1309 1634 72 25 when
1390 1634 30 25 he
1431 1642 50 17 was

236 1671 87 25 named
332 1671 38 25 the
381 1671 107 32 league’s
498 1676 65 21 most
572 1672 112 26 valuable
693 1672 88 32 player.
800 1673 37 25 He
845 1673 52 25 also
906 1672 148 26 co-founded
1062 1673 39 25 the
1110 1673 61 25 AFL
1182 1673 95 32 Players
1286 1674 158 25 Association
1453 1674 47 24 and

235 1718 50 18 was
296 1710 48 26 five
354 1711 70 25 times
433 1711 94 25 elected
536 1711 129 32 president.

335 1791 45 24 Mr.
391 1791 86 31 Kemp,
487 1791 61 25 born
557 1791 48 25 and
614 1791 79 25 raised
703 1791 24 25 in
736 1791 48 25 Los
793 1791 114 32 Angeles,
917 1792 20 25 is
947 1791 99 25 married
1054 1796 25 20 to
1088 1791 39 25 the
1137 1791 89 25 former
1233 1792 91 25 Joanne
1334 1792 70 25 Main
1413 1792 31 25 of

236 1829 119 29 Fillmore,
365 1829 140 26 California.
524 1830 65 25 Both
598 1830 59 25 Jack
665 1830 48 26 and
721 1831 90 25 Joanne
820 1838 39 18 are
868 1831 124 32 graduates
1000 1830 30 26 of
1035 1831 140 25 Occidental
1185 1831 108 32 College.
1311 1831 68 31 They
1389 1832 62 24 have
1462 1831 53 25 four

236 1869 114 28 children,
359 1868 97 32 Jeffrey,
466 1869 114 30 Jennifer,
590 1870 82 25 Judith
681 1870 47 25 and
736 1870 87 29 James,
832 1870 85 25 eleven
926 1870 186 32 grandchildren,
1121 1870 47 25 and
1177 1870 78 25 reside
1265 1871 24 24 in
1298 1871 128 28 Bethesda,

237 1908 132 31 Maryland.

130 2034 138 21 Authorized
276 2035 44 21 and
329 2036 52 28 paid
391 2036 32 21 for
431 2036 28 28 by
469 2036 147 29 Dole/Kemp
626 2037 39 23 ‘96,
675 2037 80 21 Robert
763 2037 21 22 E.
793 2037 129 29 Lighthizer,
931 2037 110 27 Treasurer

130 2080 41 21 810
180 2079 52 22 First
239 2080 74 24 Street,
322 2081 117 22 Northeast
449 2087 10 10 *
469 2082 61 21 Suite
539 2082 40 21 300
590 2087 10 11 ¢
612 2082 151 29 Washington,
772 2083 38 21 DC
818 2083 68 20 20002
896 2087 10 11 ¢
917 2082 57 25 (202)
982 2084 102 20 414-6400
