1689 2224
866 223 111 26 CRIME

396 293 3 3 _
422 253 49 25 The
481 254 130 29 document
622 264 73 21 states
705 259 49 25 that
765 260 74 26 under
849 261 45 26 Bill
903 261 119 27 Clinton's
1033 267 88 25 tenure,
1133 264 87 28 violent
1230 266 74 27 crime
1313 267 42 26 has
1364 267 84 27 tuned

322 297 125 22 American
457 293 84 28 homes
552 296 49 27 into
612 299 93 32 prisons
714 298 47 27 and
771 304 86 22 streets
866 301 46 26 and
922 303 154 32 schoolyards
1086 303 51 27 into
1145 304 186 34 battlegrounds.
1351 307 163 34 Recognizing

321 335 49 25 that
381 333 69 27 while
460 333 40 27 the
509 329 89 35 federal
608 339 180 32 government’s
797 339 52 27 role
857 340 20 27 is
886 342 118 30 essential,
1014 342 47 26 law
1069 342 163 29 enforcement
1241 351 63 21 must
1313 348 89 27 remain
1410 348 24 27 in
1442 348 41 27 the

321 376 75 26 hands
405 374 31 34 of
437 375 66 43 local
513 378 173 30 communities,
696 378 107 28 directed
812 380 32 32 by
853 385 61 22 state
922 382 47 26 and
978 382 62 27 local
1049 381 109 29 officials.
1177 384 53 28 The
1237 385 115 28 Platform

322 423 155 26 encourages:

321 507 14 14 e
370 498 114 35 Tougher
492 498 89 28 federal
589 500 116 33 penalties
713 500 40 27 for
760 500 63 28 child
832 503 177 33 pornography;

321 548 14 14 e
370 541 141 28 Enactment
520 541 33 28 of
556 546 61 23 state
625 543 251 36 truth-in-sentencing
883 544 60 28 laws
950 544 80 27 which
1038 545 93 35 require
1138 546 90 28 violent
1237 548 78 28 felons
1324 554 27 22 to
1360 558 69 19 serve
1436 555 25 22 at

370 581 60 27 least
439 582 61 26 85%
508 582 32 27 of
544 583 61 27 their
613 583 132 32 sentences;

321 631 15 13 ©
370 624 111 27 No-fills
490 624 94 33 prisons
591 625 81 27 where
680 625 121 34 prisoners
809 634 41 19 are
857 625 111 34 required
975 632 27 21 to
1012 627 68 26 work
1088 627 71 27 while
1168 630 95 33 serving
1270 639 69 19 more
1346 631 33 27 of
1382 632 61 27 their

371 668 133 26 sentences;

321 712 14 14 e
370 706 13 24 A
397 701 166 44 Presidential
577 701 144 44 Commission
732 711 25 21 to
771 701 67 44 study
852 701 56 44 more
922 701 118 44 effective
1054 701 96 44 methods
1164 713 26 22 to
1200 701 118 44 prosecute
1332 701 127 44 terrorists.

420 782 31 25 To
466 778 92 46 combat
569 778 93 46 surging
676 778 101 46 juvenile
787 778 78 46 crime,
879 778 40 46 the
929 778 105 46 Platform
1048 778 112 46 promises
1171 778 24 46 to
1209 778 74 46 stress
1293 778 178 46 accountability
1481 778 24 46 at

317 816 69 43 every
399 816 51 43 step
460 816 26 43 in
496 816 40 43 the
546 816 80 43 system
639 816 44 43 and
696 816 91 43 require
797 816 62 43 adult
868 816 66 43 trials
944 816 36 43 for
994 816 115 43 juveniles
1123 816 47 43 who
1184 816 90 43 commit
1284 816 65 43 adult
1359 816 94 43 crimes.

317 855 46 46 The
378 855 104 46 Platform
497 855 54 46 also
566 855 131 46 recognizes
708 855 39 46 the
761 855 116 46 forgotten
888 855 73 46 rights
972 855 24 46 of
1007 855 89 46 victims
1110 855 28 46 by
1152 855 124 46 proposing
1290 871 13 19 a
1317 855 181 46 Constitutional

321 898 151 26 amendment
480 904 27 20 to
516 903 94 29 protect
617 899 104 27 victim’s
729 899 81 32 rights.

792 1017 241 26 KIDS
890 1011 19 44 &
931 1017 102 26 DRUGS

416 1050 49 45 The
476 1050 109 45 Platform
599 1050 95 45 charges
708 1050 50 45 that
768 1050 46 45 Bill
828 1050 87 45 Clinton
926 1050 42 45 has
978 1050 143 45 surrendered
1136 1050 27 45 in
1173 1050 42 45 the
1229 1050 46 45 War
1289 1050 27 45 on
1331 1050 87 45 Drugs.
1430 1060 57 24 Asa

318 1088 73 46 result
402 1088 24 46 of
436 1088 40 46 his
486 1088 101 46 neglect,
597 1088 78 46 recent
686 1088 115 46 marijuana
816 1088 39 46 use
866 1088 24 46 is
904 1088 28 46 up
946 1088 55 46 200%
1015 1088 43 46 for
1069 1088 54 46 kids
1134 1088 28 46 as
1172 1088 66 46 young
1253 1088 28 46 as
1294 1097 25 25 14
1331 1101 26 22 to
1371 1098 25 24 15
1406 1088 74 46 years

323 1132 47 27 old.
392 1128 103 44 Overall,
506 1128 92 44 teenage
612 1128 52 44 drug
674 1128 41 44 use
729 1128 38 44 has
781 1128 118 44 increased
909 1128 56 44 each
979 1128 52 44 year
1045 1128 88 44 Clinton
1144 1128 41 44 has
1195 1128 52 44 been
1261 1128 23 44 in
1298 1128 78 44 office.
1396 1136 84 27 This
1455 1128 27 44 is

323 1180 11 18 a
344 1167 104 44 national
458 1167 122 44 disgrace.
594 1167 41 44 The
649 1167 99 44 Platform
762 1167 85 44 states,
861 1167 23 44 in
898 1167 23 44 no
935 1167 114 44 uncertain
1063 1167 78 44 terms,
1151 1167 41 44 the
1206 1167 144 44 commitment
1364 1167 20 44 of
1400 1167 42 44 the

320 1207 144 43 Republican
477 1207 66 43 Party
556 1217 25 21 to
595 1207 84 43 combat
692 1207 102 43 juvenile
807 1207 51 43 drug
871 1207 69 43 abuse
954 1207 29 43 by
997 1207 83 43 making
1090 1207 55 43 drug
1161 1207 84 43 testing
1257 1220 10 19 a
1280 1207 87 43 routine
1377 1207 94 43 feature

324 1245 23 45 of
357 1245 38 45 the
406 1245 98 45 criminal
515 1245 87 45 justice
612 1245 91 45 system,
713 1245 117 45 including
841 1245 38 45 the
890 1245 94 45 juvenile
995 1245 87 45 justice
1092 1245 95 45 system.

790 1367 241 27 IMMIGRATION

418 1401 49 42 The
481 1401 151 42 immigration
645 1401 64 42 plank
722 1401 25 42 of
761 1401 35 42 the
810 1401 102 42 Platform
922 1401 77 42 states
1009 1401 50 42 that
1069 1401 46 42 ours
1125 1401 25 42 is
1160 1401 28 42 “‘a
1198 1401 74 42 nation
1286 1407 25 25 of
1321 1401 152 42 immigrants”

320 1439 42 42 and
376 1439 53 42 that
442 1439 43 42 “we
498 1439 85 42 should
596 1439 102 42 welcome
712 1439 70 42 those
796 1439 42 42 who
852 1439 81 42 follow
946 1439 39 42 our
999 1439 53 42 laws
1065 1439 43 42 and
1121 1439 53 42 seek
1186 1451 13 19 a
1209 1439 67 42 better
1286 1439 67 42 life.”
1370 1439 28 42 At
1412 1439 42 42 the

321 1478 59 41 same
392 1478 66 41 time,
471 1478 21 41 it
502 1478 127 41 recognizes
642 1478 48 41 that
700 1478 79 41 illegal
789 1478 147 41 immigration
949 1478 39 41 has
1000 1478 90 41 reached
1103 1478 73 41 crisis
1185 1478 155 41 proportions.
1349 1483 50 25 The

321 1515 112 42 Platform
447 1515 119 42 addresses
580 1515 39 42 the
629 1515 53 42 need
695 1515 25 42 to
734 1515 49 42 curb
797 1515 77 42 abuses
884 1515 53 42 from
951 1515 84 42 illegal
1045 1515 148 42 immigration
1203 1515 41 42 by:

376 1596 407 33 Tightening
522 1592 83 43 border
619 1596 164 33 enforcement;

377 1632 112 42 Speeding
502 1632 39 42 the
555 1632 140 42 deportation
709 1632 91 42 process
810 1632 25 42 of
849 1632 95 42 crimimal
954 1632 88 42 aliens;

373 1711 140 42 Restricting
527 1711 74 42 public
611 1711 119 42 assistance
745 1711 17 42 to
775 1711 78 42 illegal
863 1711 74 42 aliens
947 1711 25 42 to
985 1711 120 42 emergency
1118 1711 57 42 aid.

421 1784 47 43 The
481 1784 105 43 Platform
596 1784 51 43 also
657 1784 62 43 calls
729 1784 36 43 for
779 1784 87 43 harsher
876 1784 112 43 penalties
997 1784 87 43 against
1098 1784 126 43 exploiters
1234 1784 44 43 who
1291 1784 94 43 smuggle
1395 1784 84 43 illegal

326 1821 76 43 aliens
412 1821 40 43 and
464 1828 69 25 those
540 1828 56 26 who
604 1828 71 32 profit
682 1828 63 26 from
753 1828 39 25 the
800 1827 141 33 production
949 1827 31 26 of
983 1827 59 26 false
1050 1826 139 26 documents
1197 1826 68 25 while
1273 1825 135 32 expressing

330 1865 375 32 opposition
472 1861 28 40 to
512 1865 185 32 implementation
712 1865 32 26 of
747 1873 15 18 a
770 1865 144 26 national
882 1861 28 40 ID
923 1869 93 27 system.

327 1605 16 132 oee@
