1679 2192
777 103 120 31 xk

618 151 199 89 DOLE
844 168 210 76 KEMP

512 312 65 29 Bob
590 314 75 29 Dole
677 315 84 29 Issue
773 311 80 52 Paper
872 324 21 35 -
904 316 108 40 Senior
1022 318 149 37 Citizens

175 409 50 22 Bob
234 409 60 23 Dole
306 409 51 23 Will
365 409 97 26 Protect,
472 410 108 29 Improve
588 411 50 23 and
644 412 141 30 Strengthen
794 412 123 31 Programs
919 414 44 30 for
969 415 86 24 Senior
1063 416 107 26 Citizens.

175 446 54 25 Bob
241 448 63 24 Dole
315 448 20 25 is
345 448 143 25 committed
499 454 23 19 to
533 449 144 33 protecting,
689 450 138 33 improving
836 451 47 26 and
892 453 180 33 strengthening
1082 462 126 26 programs
1217 457 51 25 that
1277 459 141 26 America’s

174 487 82 25 senior
265 488 102 26 citizens
377 489 96 31 depend
482 497 40 17 on.
543 490 54 25 Bob
608 490 64 26 Dole
682 490 109 27 believes
800 491 50 26 that
857 492 40 26 the
907 493 89 26 United
1006 494 79 27 States
1094 495 44 26 has
1147 504 15 17 a
1171 497 64 32 legal
1245 498 48 25 and
1303 500 78 24 moral

174 528 182 32 responsibility
367 534 24 20 to
401 530 40 25 the
452 531 141 30 generation
602 531 31 25 of
639 532 145 26 Americans
793 532 56 26 who
858 533 70 26 made
937 534 48 26 this
994 540 102 28 country
1106 540 90 29 strong.

1211 378 30 21 “ah

173 609 61 26 That
244 610 20 25 is
274 610 57 32 why
341 611 31 25 he
382 611 50 25 will
443 619 86 18 ensure
539 612 50 26 that
598 613 41 25 the
648 618 160 28 government
817 614 88 27 honors
915 615 30 26 its
954 616 183 27 commitments
1146 622 25 22 to
1182 619 82 26 Social
1275 620 112 33 Security
1397 622 48 25 and

174 651 125 26 Medicare
309 651 170 27 beneficiaries
489 667 20 4 --
520 661 58 18 now
587 654 47 25 and
644 654 25 25 in
679 654 40 25 the
729 654 85 26 future.

172 736 51 22 Bob
231 736 61 23 Dole
299 736 52 23 Has
360 736 95 30 Fought
462 741 23 19 to
494 737 93 24 Protect
593 738 82 23 Social
681 739 106 29 Security
795 739 48 23 For
849 739 31 24 30
890 740 72 23 Years.

173 774 93 32 During
277 775 37 25 his
325 775 87 25 Senate
422 783 88 21 career,
521 776 64 25 Dole
595 776 92 32 always
698 776 86 33 fought
792 781 25 22 to
826 782 91 28 protect
925 786 45 18 our
978 779 108 26 nation’s
1096 781 81 26 senior
1185 782 110 26 citizens.

224 864 10 11 *
273 859 27 24 In
313 859 70 29 1983,
394 859 63 25 Dole
468 859 88 32 helped
565 860 62 25 craft
636 868 14 18 a
659 861 57 32 plan
725 861 50 26 that
784 862 74 25 saved
868 862 79 26 Social
958 863 110 33 Security
1078 864 64 26 from
1151 866 152 33 insolvency.

223 908 11 11 *
273 903 26 24 In
313 903 70 29 1993,
393 903 30 25 he
434 903 54 25 lead
498 904 39 25 the
547 904 74 26 effort
631 909 24 21 to
666 905 43 25 kill
719 905 123 26 President
851 906 121 26 Clinton’s
982 907 47 27 $25
1040 908 88 26 billion
1137 914 40 21 tax
1186 918 33 17 on
1229 911 83 26 Social
1323 912 112 32 Security

272 943 112 25 benefits.

223 992 10 11 °
273 987 26 25 In
312 988 70 28 1966,
393 988 63 25 Dole
467 988 142 26 introduced
620 989 139 32 legislation
767 990 49 25 that
825 991 81 25 would
915 992 181 33 automatically
1105 993 109 27 increase
1224 995 82 26 Social
1318 996 111 32 Security

272 1027 105 26 benefits
387 1028 130 26 whenever
525 1029 40 25 the
575 1034 54 21 cost
638 1029 31 26 of
675 1030 77 33 living
761 1038 54 18 rose
825 1031 12 26 3
848 1036 96 27 percent
952 1040 28 18 or
988 1040 75 18 more.
1084 1034 72 25 Since
1165 1035 51 25 that
1224 1035 67 30 time,
1302 1036 31 25 he
1343 1037 43 25 has

273 1068 86 32 fought
368 1073 25 21 to
404 1069 122 26 liberalize
536 1070 40 25 the
586 1070 82 25 Social
679 1071 109 32 Security
797 1072 110 32 earnings
916 1072 136 27 limitation.

223 1118 10 11 °
272 1113 27 24 In
312 1113 69 29 1995,
393 1113 63 25 Dole
465 1114 168 32 cosponsored
642 1122 14 17 a
665 1115 44 25 bill
719 1115 25 25 in
752 1115 40 26 the
802 1116 86 25 Senate
896 1116 49 26 that
954 1117 83 26 would
1046 1118 62 25 raise
1117 1119 40 25 the
1166 1120 113 32 earnings
1289 1120 64 26 limit
1362 1129 33 17 on

273 1153 81 25 Social
365 1153 109 32 Security
484 1154 129 32 recipients
624 1154 63 26 from
697 1155 106 30 $11,280
813 1160 24 22 to
847 1156 104 30 $30,000
961 1157 32 32 by
1003 1158 72 25 2002.

170 1235 50 23 Bob
229 1235 60 23 Dole
297 1236 24 22 Is
330 1236 140 23 Committed
476 1240 23 19 to
507 1237 89 30 Saving
602 1238 122 23 Medicare
732 1239 71 23 From
810 1239 151 30 Bankruptcy.

171 1273 56 25 Last
237 1274 90 32 spring,
337 1282 15 17 a
361 1274 71 32 study
442 1275 131 32 supported
582 1275 32 32 by
624 1275 66 26 three
699 1277 120 25 members
829 1277 30 26 of
864 1278 47 25 Bill
921 1278 123 26 Clinton’s
1053 1287 57 17 own
1119 1280 104 26 Cabinet
1232 1281 102 26 showed
1343 1282 50 25 that

171 1314 124 25 Medicare
305 1314 50 25 will
366 1314 29 25 be
406 1315 117 32 bankrupt
533 1315 25 25 in
568 1315 50 26 five
627 1324 77 24 years.
723 1317 54 25 Bob
787 1317 62 26 Dole
858 1318 50 25 will
917 1323 38 20 act
964 1327 57 17 now
1029 1323 25 21 to
1064 1327 58 18 save
1131 1321 125 25 Medicare
1266 1321 38 26 for
1314 1322 78 25 future

170 1354 160 31 generations.

170 1434 54 25 Bob
234 1435 63 25 Dole
308 1435 141 25 introduced
459 1436 139 31 legislation
606 1444 60 18 over
678 1438 27 25 15
716 1445 69 24 years
793 1446 47 24 ago
849 1443 25 21 to
882 1443 91 28 protect
982 1439 40 26 the
1031 1440 91 32 elderly
1132 1440 63 26 from
1205 1442 125 25 Medicare
1340 1443 47 24 and

169 1475 125 25 Medicaid
305 1475 68 25 fraud
382 1476 48 25 and
439 1476 82 25 abuse.
541 1477 54 25 Bob
605 1477 64 25 Dole
678 1478 50 25 will
738 1478 113 26 continue
859 1483 25 21 to
893 1479 52 25 find
954 1487 67 24 ways
1030 1484 25 21 to
1064 1485 93 27 protect
1165 1481 48 25 and
1222 1482 111 31 improve

170 1515 131 25 Medicare.
320 1517 36 23 As
366 1516 130 30 President,
507 1517 30 25 he
547 1517 59 25 will:

221 1604 10 11 *
270 1599 138 31 Champion
417 1599 86 25 efforts
512 1604 25 21 to
547 1608 58 17 save
614 1601 40 25 the
664 1601 123 25 Medicare
797 1606 90 27 system
896 1602 62 26 from
968 1603 142 32 insolvency
1120 1611 28 18 so
1157 1604 50 25 that
1216 1605 18 25 it
1243 1605 51 25 will
1304 1605 31 25 be
1344 1606 120 25 available

271 1638 37 25 for
318 1638 77 25 future
405 1639 159 31 generations.

221 1687 10 11 ¢
271 1682 104 31 Support
384 1682 84 32 giving
478 1683 124 25 Medicare
612 1684 167 26 beneficiaries
788 1685 40 25 the
837 1685 61 32 right
906 1690 25 21 to
940 1686 91 25 choose
1040 1687 39 24 the
1089 1687 58 25 kind
1156 1687 31 25 of
1192 1695 120 24 coverage
1321 1689 50 24 that
1381 1689 53 25 best

270 1721 41 25 fits
321 1722 60 24 their
390 1730 56 17 own
456 1723 119 31 priorities
584 1723 48 25 and
641 1724 82 25 needs.
742 1725 54 25 Bob
805 1725 62 25 Dole
876 1725 79 25 thinks
964 1726 49 24 that
1021 1726 57 31 they
1088 1726 87 25 should
1184 1727 31 25 be
1224 1727 75 31 given
1307 1728 40 25 the
1357 1736 68 17 same

269 1761 59 25 kind
337 1762 30 24 of
373 1762 98 25 choices
481 1763 49 24 that
540 1762 90 26 federal
640 1769 158 26 government
806 1765 138 31 employees
953 1765 62 25 have
1024 1765 47 25 had
1080 1766 39 24 for
1127 1774 75 23 years.

221 1810 10 11 °
269 1805 126 24 Advocate
405 1805 139 25 innovative
555 1806 66 25 ideas
632 1806 48 25 like
690 1807 106 25 Medical
807 1808 101 31 Savings
917 1810 122 23 Accounts
1049 1809 47 24 and
1105 1809 119 32 managed
1233 1817 55 17 care
1297 1818 27 17 as
1334 1810 56 25 well
1400 1818 27 17 as

269 1844 135 25 traditional
415 1844 89 25 fee-for
513 1846 104 24 -service
626 1846 77 31 plans.

221 1892 10 11 ¢
270 1887 166 25 Recommend
445 1888 40 24 the
494 1888 184 26 establishment
687 1889 30 25 of
722 1897 15 17 a
745 1890 152 25 blue-ribbon
906 1890 128 31 bipartisan
1043 1891 113 31 advisory
1165 1892 162 25 commission
1336 1906 20 4 --
1367 1893 92 24 similar

269 1930 25 20 to
304 1926 39 25 the
352 1934 47 17 one
409 1927 30 24 he
449 1928 85 24 served
543 1935 33 17 on
586 1928 24 25 in
623 1929 60 24 1983
694 1929 49 25 that
753 1929 73 25 saved
836 1929 78 25 Social
924 1930 108 31 Security
1041 1944 21 5 --
1071 1934 25 21 to
1106 1930 69 25 solve
1184 1931 39 25 the
1233 1932 125 25 Medicare
1368 1932 75 25 crisis.

63 2098 138 22 Authorized
210 2099 44 21 and
263 2099 53 29 paid
325 2099 33 22 for
365 2100 30 28 by
404 2100 146 30 Dole/Kemp
560 2103 40 23 ’96,
609 2103 82 21 Robert
699 2103 21 21 E.
730 2104 129 28 Lighthizer,
867 2104 112 22 Treasurer

63 2145 40 20 810
112 2145 53 21 First
172 2145 74 24 Street,
255 2146 119 21 Northeast
385 2151 10 10 *
405 2146 60 21 Suite
474 2148 40 21 300
525 2153 10 10 *
546 2148 153 29 Washington,
708 2149 39 21 DC
755 2150 68 20 20002
854 2151 56 24 (202)
918 2151 104 21 414-6400
