731 1428
48 47 22 21 A
86 47 158 21 PERSONAL
261 47 144 21 MESSAGE
422 51 83 16 FROM
521 46 60 21 BoB
598 46 86 21 DOLE

51 137 45 17 Dear
106 137 64 17 Friend:

51 196 78 17 America
139 196 50 17 needs
198 195 99 24 leadership.

49 254 26 17 To
83 255 20 17 be
112 261 8 11 a
128 260 45 18 great
183 254 86 17 President
278 255 72 22 requires
359 254 62 23 unique
430 254 77 23 qualities
515 253 21 17 of
541 253 89 19 character,

50 285 98 22 experience
157 284 33 17 and
198 283 99 24 leadership.
314 283 17 17 In
341 290 28 16 my
377 283 32 20 life,
419 283 30 17 I've
458 283 43 16 been
510 282 53 17 tested
573 283 16 16 in
598 289 50 16 many

50 320 44 16 ways
102 313 33 17 and
144 314 41 16 have
194 313 59 23 always
263 313 53 17 found
325 313 75 22 strength
410 313 15 16 in
435 312 28 17 the
471 312 56 17 values
536 312 34 17 that
580 311 49 18 made
638 312 33 17 this

50 348 72 14 country
129 349 34 17 grea

221 343 10 16 h
240 343 16 16 in
265 342 47 19 God,
320 342 53 17 belief
379 343 16 16 in
404 342 110 22 community,
522 341 77 23 personal
608 348 69 16 respon-

51 372 62 23 sibility
121 372 33 17 and
162 372 35 17 love
207 371 21 18 of
234 371 59 23 family.

51 430 38 17 Our
97 436 72 18 country
177 436 45 11 must
230 437 48 16 again
288 430 40 17 have
338 430 62 17 leaders
408 430 40 16 who
456 430 63 16 believe
528 430 17 16 in
553 436 31 10 our
592 429 60 23 people

51 460 33 17 and
93 466 26 11 are
127 460 54 23 proud
190 460 20 17 of
216 466 30 11 our
254 460 60 17 values.
322 459 31 17 We
363 459 41 17 need
413 459 63 17 leaders
485 459 39 16 who
532 459 33 16 will
574 465 80 10 summon

51 489 44 17 from
104 489 40 17 each
153 489 20 17 of
179 496 18 10 us
206 489 28 17 the
243 489 36 17 best
287 489 19 16 of
315 495 27 11 our
351 489 89 18 character,
448 488 39 17 who
495 488 33 17 will
536 488 30 17 call
576 495 18 10 us
603 494 16 11 as
628 494 8 11 a

52 519 58 17 nation
119 524 17 11 to
144 525 31 10 our
183 518 29 17 full
221 518 87 23 potential.
320 518 2 17 I
332 523 45 12 want
385 523 18 12 to
411 518 20 16 be
440 517 86 18 President
535 524 19 10 so
562 517 6 17 I
577 524 31 10 can
616 517 23 17 do
648 517 32 17 this

52 548 25 17 for
85 548 84 17 America.

53 607 31 22 My
92 606 79 18 mandate
180 613 17 10 as
206 606 151 17 President-would
365 606 20 17 be
395 611 17 12 to
420 606 35 16 rein
464 606 16 16 in
489 606 28 16 the
526 605 68 17 Federal
602 612 71 16 govern-

52 641 47 12 ment
108 637 16 16 in
133 636 49 17 order
190 641 17 12 to
216 640 23 13 set
249 635 32 17 free
291 636 28 16 the
327 636 47 22 spirit
382 635 21 17 of
409 635 28 17 the
446 635 91 17 American
546 635 66 23 people;
627 640 17 11 to

52 670 90 12 reconnect
150 672 31 10 our
188 669 112 19 government
309 665 16 16 in
333 664 115 23 Washington
456 664 41 17 with
506 664 28 17 the
543 670 81 11 common
633 671 48 10 sense

51 695 56 17 values
115 694 21 17 of
141 701 30 11 our
179 695 76 19 citizens;
263 694 33 17 and
305 699 17 12 to
331 699 67 12 reassert
407 693 92 18 American
509 694 76 16 interests
592 693 86 17 wherever

52 724 33 17 and
93 724 90 17 whenever
191 724 39 23 they
238 730 26 11 are
272 723 100 23 challenged
380 723 65 17 around
454 723 28 17 the
490 723 59 17 world.
555 722 58 24 Today
623 723 4 16 I
637 722 49 17 stand

52 753 50 23 ready
109 758 18 12 to
135 753 37 17 lead
180 760 21 10 an
210 753 91 17 American
310 752 71 17 renewal
389 752 21 17 of
415 752 51 23 hope,
473 753 95 22 prosperity
576 752 32 17 and
617 752 53 23 pride.

52 812 6 17 I
68 812 44 23 hope
120 819 33 16 you
161 812 33 16 will
200 812 37 23 join
246 812 33 16 this
287 812 90 23 campaign
386 811 25 17 for
419 817 31 11 our
458 811 59 17 future.
534 810 16 18 If
555 817 32 17 you
596 817 26 11 are

52 841 66 23 already
126 848 8 10 a
142 846 93 18 supporter,
245 841 87 17 Elizabeth
341 840 33 18 and
383 840 6 17 I
398 841 94 23 appreciate
500 847 41 16 your
549 840 126 17 commitment.

51 870 64 18 Thank
122 877 38 16 you.

53 929 88 23 Sincerely,

53 1059 37 17 Bob
99 1059 45 17 Dole

26 1197 67 34 Join
104 1197 58 27 Bob
172 1197 90 27 Dole’s
274 1196 159 39 Campaign
443 1197 56 26 For
510 1196 62 27 Our
581 1196 112 27 Future.

167 1243 40 29 To
221 1244 65 28 lend
298 1255 69 27 your
380 1252 116 30 support
510 1243 50 28 call

225 1294 89 26 1-800
329 1292 76 28 -Bob
419 1292 83 28 Dole.

207 1370 37 16 Paid
253 1375 23 11 for
284 1370 16 16 by
313 1370 38 16 Dole
363 1375 20 10 for
395 1370 85 17 President,
490 1370 22 15 Inc
