1672 2192
753 254 152 28 FOREIGN
915 257 128 27 POLICY

399 287 25 27 In
434 294 106 26 contrast
550 297 25 21 to
586 293 40 26 the
634 292 136 27 rudderless
778 292 94 36 foreign
879 294 82 34 policy
968 294 32 27 of
1004 296 41 26 the
1053 296 99 28 Clinton
1159 298 192 33 administration,
1362 302 40 26 the

299 328 112 27 Platform
421 329 126 29 continues
555 333 41 26 the
604 332 148 34 Republican
760 333 93 34 Party’s
861 335 150 33 recognition
1018 336 52 27 that
1077 337 166 35 Democracy
1237 345 21 21 is
1265 340 41 27 the
1313 347 129 28 guarantor
1449 342 33 27 of

299 377 74 25 peace
382 369 47 28 in.a
432 369 142 33 dangerous
582 372 84 27 world.
686 373 20 25 It
715 372 120 27 therefore
842 374 136 34 pledges
953 365 28 47 to
982 370 140 48 vigorously
1138 370 92 48 support
1242 370 112 48 restoring
1366 382 42 26 the

297 405 139 37 promotion
444 409 32 26 of
481 410 143 34 democracy
632 411 141 26 worldwide
781 419 28 19 as
816 419 16 19 a
839 419 157 21 cornerstone
1002 413 33 28 of
1038 415 59 27 U.S.
1107 414 94 37 foreign
1209 417 85 34 policy.
1314 419 50 27 The
1372 420 113 28 Platform

297 449 59 26 calls
364 448 45 28 for:

343 528 34 50 An
393 528 133 50 expansion
538 532 28 27 of
584 528 64 50 NATO
663 532 26 40 no
705 528 63 50 later
780 528 55 50 than
847 528 55 50 1998
913 528 26 50 to
953 528 95 50 include
1059 528 97 50 Poland,
1167 528 43 50 the
1222 528 71 50 Czech
1309 528 105 50 Republic
1426 528 47 50 and

346 573 121 33 Hungary.

347 610 150 46 Supporting
507 610 129 46 America’s
653 610 43 46 men
711 610 43 46 and
768 610 78 46 women
860 610 28 46 in
898 610 97 46 uniform
1010 610 46 46 who
1071 610 43 46 are
1125 610 92 46 serving
1228 610 28 46 in
1266 610 82 46 Bosnia
1362 610 47 46 and

347 649 161 44 Herzegovina
522 649 67 44 while
603 649 96 44 looking
709 649 96 44 forward
816 649 26 44 to
856 649 59 44 their
926 649 81 44 timely
1017 649 151 44 withdrawal.

343 690 168 48 Encouraging
523 690 80 48 Russia
619 690 24 48 to
655 690 88 48 respect
755 690 40 48 the
807 690 144 48 sovereignty
963 690 40 48 and
1019 690 168 48 independence
1199 690 24 48 of
1235 690 36 48 its
1283 690 127 48 neighbors.

346 732 150 44 Reaffirming
510 732 41 44 the
565 732 137 44 Republican
716 732 90 44 Party’s
822 732 147 44 commitment
980 732 26 44 to
1020 732 37 44 the
1071 732 166 44 independence
1247 732 27 44 of
1288 732 33 44 ail
1332 732 70 44 those

346 770 109 45 formerty
465 770 91 45 captive
567 770 90 45 nations
668 770 53 45 still
732 770 128 45 recovering
874 770 53 45 from
938 770 42 45 the
994 770 53 45 long
1058 770 68 45 night
1137 770 27 45 of
1178 770 83 45 Soviet
1275 770 159 45 Communism.

347 816 241 33 Support
458 812 39 46 for
507 816 81 33 Israei’s
611 812 85 46 efforts
707 812 24 46 to
741 812 51 46 find
803 812 69 46 peace
883 812 39 46 and
937 812 96 46 security
1048 812 51 46 with
1113 812 32 46 its
1155 812 120 46 neighbors
1286 812 39 46 and
1339 812 43 46 for

347 855 80 26 Israel’s
450 851 62 43 right
525 860 22 22 to
565 851 54 43 make
634 851 36 43 its
683 851 40 43 own
737 851 115 43 decisions
866 851 119 43 regarding
998 851 102 43 security
1113 851 40 43 and
1167 851 148 43 boundaries.
