1711 2198
113 158 209 73 Small
328 163 292 69 Business

191 300 57 30 Bill
258 300 131 30 Clinton’s
404 302 61 27 War
476 312 35 18 on
523 302 88 30 Small
618 304 123 28 Business

87 396 65 22 Small
162 396 139 22 businesses
310 402 39 15 are
358 396 38 21 the
405 396 81 27 driving
495 396 61 22 force
566 396 18 21 in
594 402 39 17 our
641 401 114 22 economy.
774 396 72 28 Today

86 429 50 26 they
143 435 38 15 are
189 435 62 15 more
258 430 117 25 important
381 431 53 21 than
442 435 56 17 ever.
511 431 121 21 America’s
639 431 62 21 small
710 430 135 24 businesses

86 468 38 15 are
132 463 37 21 the
178 463 83 26 engine
270 462 24 22 of
299 464 38 26 job
347 463 105 21 creation.
471 463 68 22 Small
548 463 59 22 firms
616 464 89 26 employ
713 465 81 21 almost
803 465 44 22 half

86 495 22 22 of
113 496 121 21 America’s
243 496 105 22 workers.

85 563 45 22 The
144 564 44 21 last
199 564 61 27 thing
274 564 39 21 the
326 566 151 25 government
490 565 80 22 should
585 566 29 21 do
628 565 19 22 is
661 566 28 21 hit
701 566 67 24 those
782 566 62 22 small

86 599 172 24 entrepreneurs
266 599 50 21 with
327 603 62 17 more
398 600 66 20 taxes
474 599 44 21 and
529 599 135 27 regulations
672 600 52 22 than
734 601 50 26 they
793 600 51 22 face

86 632 93 27 already.
202 632 42 21 But
255 632 65 21 that's
332 632 87 27 exactly
430 632 59 23 what
501 633 34 22 Bill
548 632 84 23 Clinton
645 638 18 17 is
674 634 73 27 doing.
771 634 19 20 In
800 633 44 27 just

86 664 48 22 four
146 671 69 21 years
231 665 29 23 he
275 666 45 22 has
335 667 115 21 launched
455 660 14 38 a
494 666 113 22 full-scale
633 667 89 22 assault
736 672 29 17 on
780 669 63 21 small

86 700 114 22 business:

86 774 7 7 +
102 766 85 28 Signed
193 768 38 21 the
238 768 94 26 Largest
340 768 41 22 Tax
388 768 105 22 Increase
500 769 20 19 in
528 768 88 27 History.
631 769 33 20 Bill
673 768 103 23 Clinton's
785 769 58 22 1993

85 802 36 20 tax
130 805 103 18 increase
240 811 29 6 —
276 802 38 21 the
323 801 85 28 largest
416 802 18 20 in
444 802 81 26 history
533 814 27 3 —
568 801 75 23 forced
652 803 90 21 millions
751 803 23 21 of
780 803 62 21 small

86 835 137 21 businesses
233 835 22 21 to
266 838 43 23 pay
319 836 23 20 at
351 840 14 16 a
376 840 50 16 new
435 835 45 21 and
491 835 77 27 higher
577 837 37 24 top
624 836 87 22 income
721 837 35 21 tax
766 837 45 21 rate
821 836 23 22 of

86 867 51 21 39.6
148 868 98 25 percent.
267 867 20 21 In
297 867 51 24 fact,
359 873 63 18 more
432 869 53 22 than
495 869 120 22 two-thirds
624 869 26 22 of
656 869 37 22 the
700 869 83 27 people
794 870 48 21 who

85 906 45 21 pay
139 900 119 23 President
269 900 105 24 Clinton's
385 906 52 18 new
447 903 37 26 top
496 904 36 20 tax
542 904 47 20 rate
599 908 40 16 are
648 902 120 23 America’s
779 904 64 21 small

85 935 110 22 business
203 939 96 18 owners.

87 1010 6 6 *
105 1001 113 27 Opposed
226 1001 138 30 Regulatory
372 1003 97 22 Reform.
490 1004 116 23 President
616 1004 84 23 Clinton
711 1004 129 23 threatened

85 1037 23 21 to
118 1038 51 20 veto
180 1036 123 28 legislation
314 1037 47 22 that
372 1038 95 27 brought
477 1039 101 21 sensible
589 1039 41 21 risk
641 1041 147 19 assessment
798 1039 43 41 and

87 1070 142 23 cost-benefit
238 1076 122 17 measures
370 1072 22 21 to
402 1077 50 16 new
461 1072 142 27 regulations.

996 306 24 26 A
1032 271 169 75 Dole-Kemp
1212 306 235 31 Administration
1463 310 64 29 Will

1040 354 49 29 Let
1098 353 91 30 Small
1195 355 150 30 Businesses
1356 356 124 31 Flourish

879 446 48 22 The
940 447 141 26 Dole-Kemp
1095 448 122 21 economic
1231 451 84 24 growth
1331 451 52 25 plan
1397 451 40 20 will
1452 452 85 21 reduce
1552 452 40 21 the
1604 454 36 20 tax

879 479 103 22 liabilities
994 480 24 21 of
1030 480 51 22 19.2
1094 480 77 23 million
1184 483 63 21 small
1260 483 141 22 businesses
1414 484 28 27 by
1456 484 28 22 15
1497 487 98 23 percent.
1619 487 21 20 In

879 512 102 26 addition,
991 515 38 21 the
1039 514 138 27 Dole-Kemp
1187 515 50 27 plan
1247 516 45 20 will:

879 588 7 7 +
901 582 104 22 Increase
1019 582 38 22 the
1069 583 77 21 estate
1159 583 37 21 tax
1208 584 130 25 exemption
1352 584 33 23 for
1398 586 140 22 businesses
1552 591 28 17 so
1593 587 47 21 that

878 615 161 27 family-owned
1050 615 139 24 businesses
1197 622 44 17 can
1251 619 51 25 stay
1311 623 20 16 in
1340 619 39 21 the
1388 619 77 27 family.

879 689 6 9 *
896 683 42 22 Cut
948 683 37 22 the
996 683 78 26 capital
1086 683 65 28 gains
1161 686 37 19 tax
1209 687 46 20 rate
1266 686 29 25 by
1305 686 29 22 50
1346 688 99 23 percent,
1457 687 70 21 which
1538 688 38 20 will
1587 688 49 27 help

878 716 107 22 business
993 722 89 17 owners
1090 717 45 22 and
1144 717 50 23 also
1203 719 95 22 unleash
1307 719 80 26 capital
1397 720 46 21 that
1451 720 36 20 will
1497 720 29 22 be
1535 720 99 23 invested

878 749 18 22 in
907 755 49 18 new
965 749 44 24 and
1019 750 65 29 rising
1093 752 64 21 small
1167 752 145 23 businesses.

877 824 8 7 +
897 817 95 22 Restore
1003 822 14 17 a
1029 818 134 27 meaningful
1175 819 68 21 home
1255 819 66 22 office
1332 821 37 21 tax
1381 821 120 21 deduction
1513 822 22 21 to
1547 822 89 24 provide

877 851 59 21 relief
943 851 21 21 to
972 851 38 21 the
1017 851 97 28 growing
1122 852 95 22 number
1223 852 24 23 of
1253 853 154 22 home-based
1417 854 63 21 small
1490 855 143 21 businesses.

877 925 7 7 +
904 916 97 24 Reform
1020 918 41 23 the
1081 919 172 27 independent
1272 922 143 21 contractor
1433 923 48 20 and
1501 923 133 25 employee

876 952 154 22 classification
1039 952 44 22 rule
1091 954 21 20 to
1120 952 66 23 make
1193 953 38 22 the
1238 955 59 21 rules
1304 955 64 23 clear,
1377 955 87 26 simple,
1473 956 43 21 and
1525 956 109 26 objective

875 997 29 4 —
915 991 27 16 so
955 985 45 22 that
1011 985 63 22 small
1088 985 138 24 businesses
1238 992 43 17 can
1294 988 72 27 easily
1378 988 124 22 determine
1515 988 95 27 up-front
1620 989 14 21 if

875 1020 54 22 their
938 1024 49 18 new
996 1020 45 22 hire
1050 1020 18 22 is
1078 1025 29 17 an
1116 1021 120 27 employee
1246 1027 24 15 or
1278 1027 30 16 an
1318 1021 154 26 independent
1481 1024 126 20 contractor.

876 1095 7 7 *
892 1088 104 22 Increase
1003 1088 38 22 the
1048 1089 37 21 tax
1092 1084 119 50 deduction
1219 1089 33 21 for
1259 1089 70 41 health
1343 1090 2 3 i
1342 1086 112 48 insurance
1466 1095 4 35 |
1471 1093 63 37 costs
1542 1090 33 22 for
1581 1086 51 48 self-

879 1127 6 3 —
896 1127 12 3 =
921 1121 54 10 (Sos
989 1121 77 10 ee
1109 1122 165 9 rey
1234 1110 43 28 hee
1332 1128 3 3 =
