1451 1679
901 80 59 32 Iam
968 91 14 20 a
991 77 146 43 Republican
1146 78 105 33 Because
1262 101 27 8 ...

832 170 7 26 |
847 168 72 28 believe
928 167 43 28 that
979 166 33 28 the
1020 176 66 25 proper
1093 166 87 28 function
1188 165 22 28 of
1216 174 123 26 government
1348 169 14 24 is

832 215 20 20 to
862 206 25 28 do
897 206 29 28 for
936 205 33 28 the
979 204 68 36 people
1058 204 55 28 those
1123 204 64 35 things
1197 203 42 29 that
1248 203 50 29 have
1308 212 21 19 to
1339 203 24 28 be

832 246 51 28 done
893 244 36 29 but
939 252 75 20 cannot
1024 243 24 29 be
1059 243 58 33 done,
1128 254 22 17 or
1160 251 75 20 cannot
1244 242 24 29 be
1279 242 52 29 done
1342 254 20 17 as

832 284 49 32 well,
892 283 25 35 by
928 282 124 33 individuals,
1063 282 38 28 and
1112 281 43 29 that
1166 282 34 28 the
1209 288 52 22 most
1272 282 91 34 effective

826 316 123 46 government
961 316 19 46 is
990 316 112 46 government
1113 316 66 46 closest
1190 316 16 46 to
1217 316 31 46 the
1259 316 71 46 people.

833 380 7 27 I
850 378 77 28 believe
937 377 44 28 that
990 377 50 35 good
1049 383 130 28 government
1190 379 17 25 is
1218 376 62 28 based
1291 387 26 16 on
1328 376 35 28 the

832 416 110 29 individual
952 415 38 29 and
1000 415 44 28 that
1053 415 49 28 each
1112 416 82 34 person’s
1205 414 69 35 ability,
1285 414 78 35 dignity,

833 455 91 32 freedom,
935 454 38 29 and
983 453 141 37 responsibility
1135 462 49 19 must
1194 453 23 28 be
1228 452 87 29 honored
1325 453 39 28 and

833 494 114 35 recognized.

834 551 7 27 I
863 550 85 28 believe
971 549 48 28 that
1039 549 46 34 free
1111 550 122 33 enterprise
1259 548 44 28 and
1327 547 37 28 the

834 594 184 29 encouragement
1029 588 23 34 of
1062 587 123 28 individual
1197 589 111 25 initiative
1321 586 44 28 and

834 630 102 26 incentive
950 627 51 28 have
1012 630 60 31 given
1084 627 41 27 this
1138 628 72 26 nation
1222 635 28 19 an
1261 628 104 25 economic

834 673 70 28 system
910 666 71 28 second
988 674 20 20 to
1015 676 57 17 none.

835 721 87 29 [believe
930 721 42 28 that
979 721 62 28 sound
1048 731 68 24 money
1122 726 135 28 management
1265 719 69 28 should
1341 719 24 28 be

835 772 34 17 our
875 761 51 34 goal,

836 817 7 27 |
852 816 72 28 believe
934 819 20 25 in
962 815 58 35 equal
1029 815 67 35 rights,
1108 815 57 34 equal
1173 817 76 32 justice,
1259 814 40 28 and
1308 814 58 34 equal

835 857 124 32 opportunity
968 854 30 34 for
1009 854 34 32 all,
1056 853 100 35 regardless
1165 853 22 28 of
1195 864 48 21 race,
1254 852 61 33 creed,
1326 863 39 24 age,

836 905 37 21 sex,
881 905 21 16 or
908 893 86 28 national
1001 897 64 31 origin.

301 465 32 191 :

346 790 25 64 90516
345 749 26 34 VO
341 650 30 91 “yuequng

382 859 26 51 *palg
376 764 32 89 eyouseyy
381 708 24 49 1894
381 652 24 49 £061

411 907 36 63 Aqaeg
410 772 38 128 ueorgnday
416 650 30 115 erusopye7)

837 950 7 27 [
852 949 71 28 believe
931 959 28 17 we
968 957 48 19 must
1023 952 60 24 retain
1091 948 53 28 those
1152 947 100 36 principles
1259 947 21 28 of
1286 947 33 28 the
1326 955 41 27 past

836 987 62 28 worth
908 990 103 31 retaining,
1021 995 32 26 yet
1063 986 72 35 always
1148 986 23 28 be
1183 988 97 32 receptive
1292 992 19 21 to
1322 996 45 17 new

837 1027 60 27 ideas
917 1026 56 28 with
993 1036 29 18 an
1043 1025 88 28 outlook
1152 1025 67 28 broad
1239 1025 86 34 enough
1345 1031 22 21 to

837 1065 154 28 accommodate
1003 1064 122 35 thoughtful
1136 1064 80 34 change
1228 1064 43 27 and
1281 1066 87 31 varying

836 1106 63 32 points
907 1103 21 34 of
931 1106 54 25 view.

838 1161 7 26 I
857 1159 84 28 believe
953 1159 48 28 that
1012 1160 130 26 Americans
1155 1158 64 28 value
1232 1158 44 27 and
1289 1157 80 28 should

836 1204 92 28 preserve
941 1197 53 28 their
1004 1197 76 35 feeling
1090 1197 22 34 of
1120 1197 92 27 national
1224 1196 92 35 strength
1327 1196 42 28 and

837 1237 66 34 pride,
916 1236 39 28 and
967 1244 20 20 at
998 1236 35 28 the
1044 1246 54 18 same
1108 1239 49 24 time
1168 1235 57 28 share
1235 1234 50 29 with
1296 1234 72 36 people

839 1275 114 35 everywhere
963 1286 11 17 a
982 1275 59 28 desire
1049 1275 30 28 for
1087 1285 56 25 peace
1152 1274 37 28 and
1198 1274 82 28 freedom
1289 1273 37 29 and
1335 1273 33 29 the

368 1317 21 8 ee
839 1317 99 25 extension
944 1313 21 28 of
969 1313 73 28 human
1048 1313 57 35 rights
1112 1313 114 35 throughout
1233 1312 33 28 the
1272 1312 63 28 world.

839 1369 72 35 Finally,
922 1370 6 27 I
937 1368 73 29 believe
1019 1368 42 28 that
1069 1369 33 27 the
1112 1368 120 35 Republican
1242 1369 58 33 Party
1309 1370 16 26 is
1335 1368 33 27 the

839 1408 45 28 best
895 1408 82 28 vehicle
988 1408 32 34 for
1033 1408 129 34 translating
1173 1407 60 28 these
1245 1407 66 28 ideals
1324 1411 45 24 into

839 1450 79 32 positive
925 1446 38 28 and
969 1446 98 28 successful
1074 1446 99 35 principles
1180 1445 21 29 of
1205 1453 128 27 government.

563 1456 25 109 dWVLS
