2166 1684
106 88 64 33 Dear
179 86 95 35 Friends
284 87 46 34 and
338 87 86 34 Fellow
433 87 166 43 Republicans,

88 142 30 23 On
128 141 61 24 behalf
197 141 19 24 of
224 141 30 24 the
265 141 98 25 California
373 142 111 30 Republican
493 143 50 29 Party
553 142 34 24 and
597 145 22 20 its

89 175 112 30 membership,
210 184 23 14 we
243 178 50 21 invite
302 184 31 20 you
342 183 18 16 to
367 178 36 26 join
411 184 18 15 us
438 184 16 15 as
463 184 24 15 we
496 175 75 24 combine
580 174 39 24 hard

88 208 44 24 work
140 208 32 24 and
180 208 125 24 determination
315 216 17 16 to
340 208 67 24 achieve
416 218 62 14 success
486 209 24 24 for
519 208 28 24 the
555 215 64 23 present

89 241 31 24 and
126 241 56 25 future.

88 285 154 30 This
132 281 17 39 is
158 281 17 39 my
184 285 53 30 second
246 281 37 39 term
292 281 62 39 serving
363 281 20 39 as
382 285 144 30 Chairman
474 281 17 39 of
500 281 26 39 the
533 285 86 24 California

89 319 98 30 Republican
195 319 46 30 Party.
250 319 18 23 In
275 319 28 24 the
311 319 28 24 last
346 326 28 17 ten
381 328 47 21 years,
436 328 23 14 we
467 319 104 30 Republicans
578 318 41 24 have

89 352 33 24 lost
131 352 68 24 control
208 352 19 24 of
234 352 29 24 the
273 352 58 24 White
341 352 56 24 House
407 352 33 24 and
450 352 30 24 the
488 351 66 24 United
563 352 56 23 States

89 386 72 23 Senate.
172 386 30 23 We
211 394 29 15 are
249 385 51 24 faced
309 385 43 24 with
362 385 39 24 four
410 394 48 20 years
468 385 20 24 of
496 394 8 15 a
514 386 22 24 43
546 391 74 24 percent

88 418 80 31 president
175 419 36 23 who
217 418 98 29 continually
322 418 54 24 breaks
383 421 82 27 campaign
472 421 79 27 promises,
559 421 61 26 cowing

88 451 50 25 down
146 459 18 17 to
173 452 29 23 the
211 451 63 30 legions
282 451 19 24 of
307 451 52 30 fringe
368 454 76 21 interests
453 451 33 24 and
495 451 87 30 squashing
591 451 28 23 the

89 480 58 39 middle
155 480 41 39 class
205 480 33 39 with
246 480 25 39 his
280 480 49 39 record
338 480 27 39 tax
371 480 85 39 increases
465 499 10 2 —
485 480 20 39 all
514 480 17 39 in
540 480 25 39 the
579 480 43 39 mock

88 518 39 30 tally
132 527 26 21 cry
164 518 18 24 of
185 521 92 27 patriotism.

89 563 29 24 On
127 562 29 24 the
166 570 42 16 state
217 562 49 28 level,
275 562 57 24 Willie
342 562 58 24 Brown
409 562 33 24 and
451 562 27 24 his
487 562 97 23 henchmen
593 571 27 14 are

89 595 68 31 driving
166 596 97 24 businesses
272 595 34 25 and
314 595 38 30 jobs
361 602 31 17 out
401 595 20 24 of
429 595 29 24 the
468 602 44 17 state
522 595 42 24 with
574 595 46 24 their

89 632 97 27 promotion
195 629 33 24 and
237 636 66 23 support
313 629 18 24 of
338 629 27 29 big
374 635 110 23 government
493 628 33 24 and
536 628 85 24 increased

89 662 93 30 tegulation.
191 662 69 30 Speaker
268 663 67 23 Brown's
343 662 65 30 policies
416 671 26 15 are
450 662 66 29 directly
524 661 96 31 responsible

89 695 25 24 for
122 695 30 24 the
160 695 73 24 workers’
241 698 124 27 compensation
374 698 44 21 crisis
427 698 18 20 in
453 695 54 24 which
517 695 28 24 the
554 702 41 17 state
604 694 18 24 of

90 728 88 25 California
183 738 37 15 now
225 728 41 24 finds
273 729 44 23 itself.

90 773 106 30 Considering
204 773 28 24 the
240 773 89 30 challenges
338 773 54 27 ahead,
401 773 6 23 1
416 776 61 21 remain
486 776 90 27 optimistic.
585 773 35 23 The

90 807 46 29 Party
145 806 51 24 found
205 806 43 24 itself
255 809 18 20 in
282 806 32 24 this
322 815 43 15 same
374 809 78 21 situation
461 806 41 24 after
510 806 28 24 the
548 806 48 24 losses
604 805 19 24 of

92 840 40 24 1976
138 840 32 24 and
176 849 23 14 we
205 849 40 14 were
250 840 36 23 able
292 847 17 16 to
315 848 45 15 come
366 839 40 24 back
412 847 58 22 strong.
476 839 45 24 With
528 839 27 24 the
561 839 38 30 help
605 839 18 24 of

90 873 102 30 Republican
200 873 97 27 volunteers,
307 882 23 14 we
339 882 31 14 can
378 872 63 24 rebuild
450 881 29 15 our
488 873 46 29 Party
542 872 41 24 from
592 872 28 24 the

86 901 87 39 grassroots
180 901 26 39 up.
216 901 46 39 There
271 901 14 39 is
294 915 17 15 no
320 901 41 39 limit
372 913 13 17 to
401 901 34 39 what
446 901 17 39 we
472 901 27 39 can
508 901 20 39 do
537 901 17 39 as
563 914 7 15 a
580 901 46 39 Party

90 940 47 23 when
143 948 24 15 we
173 939 42 24 work
221 939 78 30 together,
305 939 60 24 united.

90 984 29 23 We
126 992 30 15 can
163 990 79 23 recapture
249 983 27 24 the
282 986 104 27 imagination
391 983 32 24 and
430 990 39 17 trust
475 983 17 24 of
497 983 87 24 California
589 983 32 24 and

90 1016 29 24 the
128 1024 67 22 country
203 1016 20 30 by
232 1019 122 27 concentrating
362 1025 29 15 our
399 1016 54 24 efforts
462 1025 22 15 on
493 1016 28 24 the
530 1019 48 21 issues
586 1016 35 24 that

90 1050 97 29 historically
196 1049 46 24 made
249 1059 18 15 us
276 1049 28 24 the
312 1053 94 26 progressive
422 1049 73 30 political
503 1056 46 23 party.
558 1049 64 30 Today's

90 1083 114 30 Republican
214 1083 51 29 Party
276 1083 60 24 stands
347 1083 27 24 for
384 1086 109 26 restraining
503 1090 119 22 government

90 1116 89 30 spending,
188 1119 96 27 promoting
292 1116 103 30 pro-growth
403 1116 77 30 policies,
489 1116 95 29 advancing
593 1123 28 16 tax

90 1149 89 28 reduction,
188 1152 105 27 maintaining
301 1158 10 15 a
319 1156 53 23 strong
380 1149 72 24 national
460 1149 69 27 defense,
538 1148 84 31 reforming

90 1184 87 23 America’s
183 1183 67 27 schools,
258 1186 70 26 securing
335 1191 9 15 a
352 1182 36 28 safe,
395 1182 77 30 drug-free
480 1185 111 21 environment
598 1182 25 24 for

91 1225 30 15 our
130 1216 81 27 children,
221 1219 111 27 encouraging
341 1216 43 29 legal
393 1216 59 23 reform
462 1215 33 24 and
504 1219 118 26 guaranteeing

92 1249 87 24 individual
185 1249 57 30 liberty.

91 1295 24 22 As
123 1303 9 14 a
140 1297 57 21 nation
205 1303 22 14 on
235 1294 28 23 the
270 1294 47 24 brink
325 1293 33 24 of
351 1289 9 36 a
366 1303 35 14 new
410 1293 105 28 millennium,
525 1293 22 24 let
554 1302 18 15 us
580 1293 42 24 work

92 1327 74 29 together
173 1327 33 24 and
214 1327 97 24 re-dedicate
320 1326 79 25 ourselves
408 1334 17 16 to
434 1326 73 30 building
515 1335 9 15 a
533 1327 45 29 Party
586 1327 36 23 that

92 1360 31 23 will
129 1367 43 17 meet
177 1360 28 24 the
211 1360 90 30 challenges
305 1369 24 15 we
334 1360 34 24 face
375 1360 31 23 and
412 1360 60 23 further
477 1368 9 15 a
491 1360 52 24 better
548 1363 61 26 society.

862 85 180 42 Opportunities
1052 86 45 33 For
1106 85 164 35 Involvement
1280 110 27 9 ...

819 144 83 19 GOLDEN
909 144 71 19 CIRCLE
980 140 11 33 ¢
1003 144 64 25 Building
1073 151 38 18 upon
1118 144 25 20 the
1150 144 45 25 legacy
1202 144 16 20 of
1224 147 16 17 its
1246 144 63 23 founder,
1315 144 37 24 John

819 171 58 24 Wayne,
884 171 25 20 the
915 171 57 20 Golden
979 171 47 20 Circle
1033 171 16 20 of
1053 171 78 20 California
1137 172 25 20 has
1169 172 57 20 secured
1232 175 18 17 its
1256 172 39 24 place
1302 171 50 20 within

819 199 27 20 the
854 199 86 20 California
948 199 95 24 Republican
1052 199 43 25 Party
1104 207 15 12 as
1128 207 29 12 one
1166 200 17 19 of
1190 202 19 18 its
1217 206 39 13 most
1264 202 88 22 prominent

819 227 73 20 financial
900 233 62 18 support
970 230 115 21 organizations.
1093 228 38 19 This
1139 231 47 21 major
1194 228 49 19 donor
1250 235 67 17 program
1326 227 27 20 has

819 254 69 20 enlisted
896 254 28 20 the
933 260 64 19 support
1006 254 17 20 of
1030 255 74 20 national
1112 255 99 25 Republican
1220 255 60 20 leaders
1288 254 38 21 such
1336 262 15 12 as

819 283 106 24 Congressman
933 282 44 20 Newt
984 282 78 25 Gingrich,
1069 282 54 21 former
1131 283 81 20 Education
1220 283 74 24 Secretary
1302 283 50 19 Lamar

819 310 91 23 Alexander,
918 310 42 20 RNC
966 310 83 20 Chairman
1057 311 47 24 Haley
1113 311 69 23 Barbour,
1190 311 43 20 RNC
1238 311 114 20 Co-Chairman

818 338 48 23 Jeanie
871 338 56 22 Austin,
932 338 75 19 Governor
1011 338 54 20 Carrol!
1071 338 79 25 Campbell,
1155 339 75 19 Governor
1234 339 41 23 Terry
1282 338 69 22 Branstad,

819 366 62 19 Senator
888 365 55 20 Robert
951 366 69 22 Bennett,
1028 366 106 25 Congressman
1143 366 64 20 Michael
1216 366 92 24 Huffington,
1324 366 29 19 and

819 393 51 20 former
875 394 33 19 U.S.
915 394 70 24 Attomey
991 394 61 20 General
1058 394 63 20 William
1128 394 35 20 Barr.
1171 395 24 18 An
1201 394 52 20 annual
1259 393 92 25 membership

819 421 23 19 fee
850 420 17 20 of
874 420 55 23 $1,500
936 421 24 20 for
968 421 84 20 individual
1061 421 72 20 members
1141 421 30 20 and
1179 421 55 23 $3,000
1243 421 23 20 for
1273 427 78 19 corporate

819 448 93 25 membership
920 449 56 20 entitles
983 452 91 22 participants
1082 455 15 14 to
1104 452 54 22 private
1165 449 79 25 gatherings
1251 449 28 20 and
1287 449 65 25 briefings

819 476 18 25 by
845 482 26 19 top
878 477 91 24 Republican
977 477 55 20 leaders
1039 477 29 20 and
1076 480 83 22 strategists,
1168 477 79 20 admission
1255 483 16 14 to
1279 477 73 20 exclusive

819 506 78 23 receptions
902 504 27 20 and
934 511 42 18 many
981 504 41 20 other
1027 504 63 20 benefits.

819 544 46 19 NEW
870 544 130 19 REPUBLICAN
1005 545 88 19 LEADERS
1100 549 7 10 ¢
1114 543 32 20 The
1151 550 52 13 newest
1208 539 15 34 of
1231 539 24 34 our
1258 543 44 25 major
1307 543 45 20 donor

819 578 56 17 gtoups
886 573 12 17 is
908 570 72 20 directed
991 571 59 19 toward
1061 578 52 17 young
1124 571 71 19 business
1206 571 31 20 and
1248 571 104 24 professional

819 598 96 25 Republicans.
922 598 32 20 The
960 598 93 25 membership
1060 598 21 20 fee
1088 598 16 20 of
1109 598 38 21 $500
1154 599 47 19 allows
1207 598 68 20 members
1281 605 15 13 to
1303 599 48 19 attend

819 634 28 12 one
852 626 58 20 Golden
914 626 48 20 Circle
966 622 17 33 of
987 626 77 20 California
1070 633 42 13 event
1118 626 35 20 each
1159 634 31 17 year
1196 627 27 19 and
1229 634 46 12 access
1280 633 16 13 to
1301 627 51 24 special

819 654 92 19 Convention
916 656 73 17 activities.

819 694 96 18 WOMEN’S
923 694 173 19 ORGANIZATIONS
1097 689 9 32 »
1122 693 45 20 Proud
1176 693 31 20 that
1214 693 96 24 Republicans
1317 701 35 12 were

815 716 25 33 the
836 720 100 20 first
886 716 12 33 to
905 720 31 20 send
942 727 55 13 women
1003 726 13 14 to
1024 716 36 33 both
1068 716 50 33 Houses
1125 716 14 33 of
1141 720 122 25 Congress
1216 716 23 33 and
1246 716 18 33 to
1271 716 23 33 the
1301 716 53 33 United

819 748 48 20 States
874 748 68 24 Supreme
949 748 51 22 Court,
1009 748 25 20 the
1041 748 81 20 California
1129 748 90 25 Republican
1227 749 40 24 Party
1275 748 25 20 has
1308 748 44 20 relied

819 783 38 17 upon
864 776 24 20 the
894 779 77 17 consistent
977 776 36 20 level
1019 776 16 20 of
1039 776 77 24 leadership
1122 776 27 20 and
1155 779 64 17 activism
1225 776 16 20 of
1245 776 25 20 the
1275 776 77 20 California

819 803 83 20 Federation
910 803 16 20 of
932 803 89 25 Republican
1029 804 68 19 Women.
1104 803 32 20 The
1144 803 51 25 largest
1202 804 68 21 women’s
1277 804 76 19 volunteer

819 834 93 22 organization
919 838 19 13 on
945 831 35 20 both
987 831 24 20 the
1017 837 36 14 state
1060 831 27 20 and
1093 831 63 20 national
1164 831 40 23 level,
1211 832 54 19 CFRW
1270 834 11 17 is
1287 839 8 12 a
1302 832 50 19 crucial

819 865 62 19 partner
889 861 16 17 in
914 859 26 20 the
949 859 96 25 Republican
1054 859 57 25 Party’s
1119 866 44 13 voter
1170 862 99 22 registration
1277 867 74 17 program,

820 889 72 22 campaign
896 886 48 25 phone
949 886 48 23 banks,
1003 886 28 20 and
1035 889 63 22 precinct
1103 889 98 22 organization.

819 926 77 19 ETHNIC
904 926 170 20 ORGANIZATIONS
1075 921 10 34 °
1097 925 32 20 The
1136 926 39 24 Party
1183 926 16 19 of
1203 926 60 19 Lincoln
1269 926 26 20 has
1301 926 36 20 been
1344 934 8 12 a

820 953 68 19 steadfast
896 953 48 19 leader
952 953 54 19 toward
1015 956 88 22 integrating
1111 961 8 12 a
1126 953 57 20 diverse
1190 953 77 23 coalition,
1275 953 52 20 united
1335 953 17 25 by

820 988 66 12 common
894 981 43 19 ideals
944 981 28 19 and
979 981 79 25 principles.
1066 981 31 20 The
1105 981 40 25 Party
1152 981 25 20 has
1184 981 59 25 pursued
1251 989 18 12 an
1277 984 75 22 aggressive

820 1015 41 13 voter
868 1008 70 20 outreach
945 1016 66 17 program
1019 1015 16 13 to
1043 1012 108 17 communicate
1159 1009 25 20 the
1191 1009 92 25 Republican
1291 1017 62 17 message

820 1036 85 24 throughout
910 1036 35 20 local
951 1039 98 17 communities
1054 1036 27 20 and
1088 1036 24 20 the
1117 1042 39 14 state.
1162 1037 33 24 Any
1201 1036 74 20 interested
1280 1036 73 20 volunteer

819 1064 49 20 would
876 1064 29 20 feel
914 1064 72 20 welcome
994 1067 16 16 in
1018 1064 27 20 the
1052 1064 33 20 rich
1093 1067 57 22 variety
1158 1064 18 20 of
1182 1064 52 20 ethnic
1243 1067 110 22 organizations

820 1092 67 19 available
892 1092 60 24 through
957 1092 25 20 the
986 1092 78 20 California
1068 1092 87 25 Republican
1161 1092 42 24 Party.

819 1131 76 19 YOUTH
903 1131 45 19 AND
957 1131 77 19 YOUNG
1042 1132 72 19 ADULT
1122 1132 85 19 GROUPS
1208 1126 10 34 °
1233 1131 32 20 The
1272 1131 81 20 California

819 1158 89 25 Republican
916 1159 40 24 Party
964 1158 61 20 benefits
1032 1158 37 20 from
1077 1164 27 14 two
1112 1158 17 20 of
1135 1158 25 20 the
1168 1159 50 24 largest
1226 1159 75 20 volunteer
1308 1159 44 24 youth

819 1185 87 25 delegations
913 1188 15 17 in
936 1185 25 20 the
968 1188 54 17 nation.
1030 1186 32 20 The
1069 1186 59 24 College
1135 1186 94 24 Republicans
1237 1186 27 20 and
1272 1186 25 20 the
1304 1186 50 25 Young

820 1213 99 25 Republicans
927 1221 23 12 are
959 1213 37 20 both
1004 1214 37 20 vital
1049 1220 99 18 components
1156 1214 16 19 of
1179 1214 26 20 the
1213 1214 54 24 Party’s
1275 1220 79 19 grassroots

820 1241 51 20 efforts.
879 1241 88 25 Republican
974 1241 53 21 leaders
1034 1241 37 21 have
1078 1242 34 24 long
1119 1242 85 20 understood
1212 1242 25 20 the
1244 1244 87 23 importance
1339 1242 16 20 of

820 1269 71 24 fostering
899 1268 46 25 youth
954 1271 74 20 activism,
1036 1272 56 19 vision,
1100 1269 29 20 and
1138 1269 84 25 leadership
1229 1281 19 3 —
1256 1269 63 20 because
1327 1269 26 20 the

820 1296 87 25 Republican
914 1297 40 24 Party
961 1296 62 21 believes
1030 1297 31 20 that
1069 1297 33 24 they
1109 1304 23 13 are
1140 1296 25 21 the
1173 1297 53 20 leaders
1233 1297 16 20 of
1255 1297 41 25 today
1303 1300 28 22 just
1338 1305 15 12 as

820 1324 33 25 they
858 1332 22 12 are
885 1324 25 20 the
914 1325 64 19 destined
983 1325 52 20 leaders
1040 1325 16 20 of
1060 1331 77 14 tomorrow.

820 1364 143 19 INDEPENDENT
970 1364 129 19 REPUBLICAN
1107 1364 64 19 CLUBS
1171 1359 10 35 ¢
1194 1364 96 24 Encouraging
1296 1364 57 20 broader

820 1394 100 22 participation
928 1391 16 20 of
949 1391 89 25 Republican
1045 1397 75 19 grassroots
1128 1394 63 17 activists
1199 1391 28 20 and
1235 1392 85 22 volunteers,
1328 1392 25 20 the

1571 369 32 153 Republican
1571 271 26 89 Ethnic
1571 166 32 96 Groups

1861 308 22 84 *¥

1645 544 2 29 \_}
1621 347 32 173 Youth/Young
1621 259 26 79 Adult
1621 154 32 96 Groups

1662 456 32 65 (Age

2009 646 33 43 Zip

2076 741 31 8 )

2009 922 32 59 City

1843 959 18 26 to
1838 882 23 67 assist
1835 830 26 43 the
1835 738 26 83 efforts
1835 701 26 28 of
1835 651 26 44 the

1614 1076 34 34 L_]
1622 887 32 169 Independent
1621 725 33 152 Republican
1621 639 26 77 Clubs

2078 926 32 110 Evening
2076 831 27 85 Phone
2076 812 31 8 (

1564 1076 34 34 _]
1572 905 32 152 Republican
1573 790 25 106 Women

1572 1471 26 55 The
1572 1361 26 101 Golden
1572 1270 26 82 Circle

1623 1464 25 62 New
1622 1301 32 154 Republican
1622 1192 26 100 Leaders

1731 1522 28 56 Yes,
1731 1501 24 8 I
1729 1410 26 80 would
1730 1352 25 48 like
1737 1315 18 26 to
1730 1241 25 65 work
1737 1204 18 27 to
1730 1131 25 64 elect
1730 959 32 163 Republicans
1737 923 18 25 to
1729 840 26 73 office
1729 782 26 49 and
1729 699 26 74 foster
1728 538 33 153 Republican
1728 454 26 74 ideals
1729 396 25 48 and
1728 250 33 137 principles.

1774 1493 26 81 Please
1782 1383 18 101 contact
1784 1335 16 38 me
1774 1250 26 74 about
1777 1062 30 178 opportunities
1782 1026 18 26 to
1784 943 16 74 serve.

1879 1444 27 136 California
1880 1282 33 153 Republican
1881 1199 31 73 Party.

2076 1388 31 8 )

1517 1590 44 41 fai]
1528 1522 30 55 Yes,
1528 1498 24 11 I
1533 1418 20 71 want
1533 1383 20 25 to
1528 1273 25 100 become
1528 1140 25 122 involved!
1527 1045 26 81 Please
1527 975 26 61 send
1537 927 16 39 me
1527 757 26 159 information
1530 590 28 158 concerning:

1859 1596 3 31 |_]
1835 1494 26 81 Please
1843 1398 25 86 accept
1845 1349 22 39 my
1835 1171 27 169 contribution
1835 1134 27 28 of
1834 1112 31 15 $

92 1400 83 43 Sincerely,
820 1418 83 20 California
911 1418 93 25 Republican
1013 1419 42 24 Party
1063 1418 65 20 benefits
1135 1418 38 20 from
1181 1418 26 21 the
1215 1422 99 21 cooperation
1321 1419 17 20 of
1344 1427 9 12 a

91 1448 44 24 Tirso
140 1448 26 24 del
171 1449 55 29 Junco,
233 1449 43 23 M.D.
820 1446 58 20 number
884 1446 16 20 of
904 1446 40 20 other
950 1446 73 20 volunteer
1029 1449 103 22 organizations.
1139 1446 46 20 These
1191 1450 100 21 organizations
1297 1447 56 20 include
2077 1459 30 8 ~

92 1467 91 42 lignan
820 1474 26 20 the
853 1474 83 20 California
944 1474 92 25 Republican
1045 1474 82 25 Assembly,
1136 1474 26 20 the
1169 1474 85 21 California
1261 1475 92 24 Republican
2087 1479 16 14 v

906 1483 28 48 the
939 1502 70 24 Congres
1018 1483 12 48 of
1032 1502 79 20 California
1115 1502 96 24 Republicans.
2019 1520 16 37 4
2087 1493 16 35 §

2076 1529 27 18 a

1951 1543 21 29 VY
2078 1547 25 17 [omy

71 1557 575 70 AFAR
799 1557 577 71 ARRRRAR
1951 1557 158 45 45

1722 1596 2 30 |
1943 1603 24 24 Zo
2010 1602 93 25 Goa
