1700 2198
531 154 148 67 The
742 156 244 88 Origin
1049 166 78 64 of

387 252 150 69 The
607 258 353 105 Elephant
1024 265 300 86 Symbol

101 457 50 23 This
161 459 88 26 symbol
258 459 22 22 of
289 459 39 23 the
337 462 62 26 party
408 466 49 18 was
467 462 55 22 born
532 463 20 21 in
560 463 39 23 the
608 464 144 29 imagination
759 467 25 23 of
791 470 123 24 cartoonist
922 470 102 26 Thomas
1033 473 57 24 Nast
1099 476 46 23 and
1152 476 46 24 first
1206 480 125 26 presented
1340 480 20 23 in
1370 481 103 30 Harper's
1482 486 91 31 Weekly
1580 494 31 18 on

100 491 53 22 Nov.
166 491 19 25 7,
199 492 65 23 1874.

98 593 82 24 James
187 593 93 25 Gordon
290 595 117 26 Bennett's
415 598 55 23 New
478 598 57 24 York
543 600 82 24 Herald
633 602 75 24 raised
715 603 39 24 the
760 608 39 24 cry
804 604 25 23 of
836 604 154 26 “Caesarism”
997 608 20 23 in
1024 611 137 24 connection
1167 613 51 23 with
1224 614 39 23 the
1270 616 121 30 Possibility
1397 618 24 23 of
1428 623 15 19 a
1450 620 119 25 third-term
1575 626 31 26 try

99 628 32 22 for
139 627 117 25 President
265 629 97 29 Ulysses
370 630 24 24 S.
403 631 76 24 Grant.
495 633 47 24 The
551 634 64 24 issue
622 640 50 20 was
678 637 69 23 taken
755 642 31 24 up
792 638 30 29 by
830 638 141 27 Democratic
978 643 124 27 politicians
1110 645 21 23 in
1139 646 67 27 1874,
1215 648 95 30 halfway
1315 650 95 30 through
1418 652 89 26 Grant's
1515 659 89 22 second

99 664 55 21 term
164 664 46 22 and
219 664 44 27 just
273 664 79 24 before
362 665 39 24 the
412 667 101 23 midterm
523 668 117 28 elections,
651 671 47 23 and
708 671 84 29 helped
800 672 106 26 disatfect
916 674 141 30 Republican
1066 680 84 23 voters.
1179 681 70 25 While
1258 683 39 24 the
1307 684 118 26 illustrated
1434 687 98 29 journals
1541 696 60 20 were

99 697 111 28 depicting
218 697 69 24 Grant
294 700 100 28 wearing
402 705 15 19 a
424 705 81 22 crown,
513 702 39 23 the
560 703 83 24 Herald
651 704 101 25 involved
760 706 58 24 itself
825 707 21 23 in
853 708 97 24 another
955 710 223 28 Circulation-builder
1185 715 21 23 in
1213 720 31 19 an
1251 717 90 30 entirely
1347 719 107 29 different,
1463 726 138 27 nonpolitical

100 735 60 19 area.
177 731 52 23 This
236 736 51 19 was
295 733 39 23 the
344 733 90 25 Central
444 735 56 24 Park
509 736 131 30 Menagerie
649 737 72 26 Scare
729 740 24 23 of
763 740 66 28 1874,
839 746 15 19 a
861 742 114 30 delightful
983 744 60 25 hoax
1051 749 145 27 perpetrated
1203 749 30 30 by
1240 751 39 24 the
1287 752 89 25 Herald.
1392 754 62 30 They
1462 762 38 18 ran
1502 750 12 43 a
1532 761 66 28 story,

99 765 72 28 totally
178 767 85 24 untrue,
270 766 47 24 that
323 768 40 23 the
370 769 96 24 animals
474 770 20 22 in
500 771 39 22 the
546 776 44 19 zoo
597 772 46 23 had
650 772 85 24 broken
743 774 65 24 loose
815 776 46 23 and
867 781 61 20 were
935 779 101 29 roaming
1042 780 40 24 the
1087 781 63 25 wilds
1156 783 24 23 of
1186 784 57 23 New
1248 784 77 26 York's
1332 786 88 26 Central
1428 790 55 24 Park
1490 793 19 21 in
1517 795 83 22 search

98 798 22 22 of
129 803 60 24 prey.

99 1101 43 22 and
151 1101 37 23 the
197 1102 108 28 elephant
313 1108 60 19 soon
381 1106 90 23 ceased
480 1108 22 21 to
511 1107 30 23 be
549 1108 39 23 the
596 1110 53 22 vote
657 1110 46 23 and
711 1110 99 25 became
816 1112 40 24 the
863 1115 63 28 Party
934 1114 64 27 itself;
1005 1116 40 24 the
1052 1097 101 54 jackass,
1162 1124 51 19 now
1221 1121 97 24 referred
1324 1124 23 22 to
1356 1128 28 19 as
1392 1129 15 18 a
1414 1126 95 28 donkey,
1519 1128 67 23 made

98 1138 14 18 a
122 1135 82 22 natural
213 1136 114 23 transition
334 1137 57 23 from
400 1141 155 28 representing
563 1142 39 23 the
611 1142 81 24 Herald
700 1145 23 22 to
732 1147 154 28 representing
894 1148 38 23 the
942 1148 141 26 Democratic
1090 1153 63 27 party
1160 1153 47 23 that
1216 1154 45 23 had
1269 1155 122 28 frightened
1399 1158 37 23 the
1445 1160 111 27 elephant.

727 1338 122 33 Please
867 1340 79 33 Join
967 1342 61 33 Us!
1195 1346 178 34 Volunteer
1390 1350 125 41 Today!

448 1392 226 30 om
885 1395 32 11 =

447 1428 6 30 |
492 1431 24 23 ©
526 1424 74 40 Calon
609 1424 101 40 neighbors

447 1463 5 31 |
486 1475 30 29 Gy
535 1459 64 49 waite
610 1459 107 49 Carwasser
1092 1468 68 32 The
1174 1469 304 40 RepublicanTeam

97 1507 4 4 ;
117 1480 221 102 EEE,
447 1500 5 64 |
491 1519 25 25 Cl
535 1496 52 72 Work
593 1526 156 25 atheadquaner
1171 1522 228 41 Volunteer

447 1565 69 35 2
1126 1578 187 51 Sign-Up
1330 1580 109 40 Card

446 1606 6 29 |
491 1611 24 26 1
532 1602 38 45 Wit
576 1618 106 24 Telephone

490 1655 25 22 ©
524 1651 102 42 Distribute
636 1651 92 42 campaign
738 1651 91 42 materiais

445 1706 23 35 |"
490 1701 24 23 CO
526 1697 51 40 Host
586 1714 11 14 a
602 1708 156 25 reception
699 1697 21 40 or
729 1697 31 40 tee
931 1694 77 77 pes

445 1747 5 29 |
533 1755 199 25 Distribute
632 1740 42 45 yard
681 1755 51 25 signs
985 1749 51 19 ress

122 1785 88 31 Your
488 1794 25 25 Cl
525 1785 38 45 Put
570 1795 164 28 yard'sign
664 1785 19 45 in
694 1785 42 45 yard
935 1787 47 45 City
1248 1799 39 28 Zip

124 1831 204 39 Republican
341 1834 69 32 HQ:
444 1853 5 29 j
488 1837 24 26 ©
530 1833 52 53 Work
590 1833 23 53 on
620 1844 123 26 Election
709 1833 36 53 Day
934 1837 96 50 oh)
1028 1841 453 34 ——

443 1883 69 35 |G
519 1878 66 46 Raise
596 1878 54 46 funds
934 1887 170 29 Phone-Day(_)

443 1924 5 28 |
487 1929 25 25 ©
530 1920 49 44 Make
590 1939 11 14 a
604 1934 161 23 contribution
728 1920 16 44 of
754 1920 15 44 $
934 1933 150 29 Phone-Night
1116 1935 8 27 (
1150 1936 7 26 )

487 1978 24 24 1
529 1979 56 19 Other.
931 1974 132 38 Comments

443 2028 4 29 |

626 2026 92 19 Califoria
725 2027 108 22 Republican
841 2028 57 23 Party-
907 2030 45 18 1903
959 2030 24 18 W.
993 2031 87 23 Magnolia
1087 2031 52 21 Bivd.,
1148 2032 85 22 Burbank,
1241 2034 30 18 CA
1277 2035 61 18 915068
