1695 2187
460 368 51 25 ithe
522 369 44 26 ‘irst
576 379 104 22 pronues
690 376 27 25 of
723 384 12 17 a
743 377 54 25 Dole
805 380 171 28 Administration
985 385 40 24 will
1036 388 24 23 be
1069 393 19 20 to
1098 396 73 20 secure
1179 390 168 41 Congressional

296 409 90 23 passage
397 407 178 25 ancrat:ication
585 410 26 23 of
618 411 33 24 the
661 411 107 28 Balanced
777 415 81 30 Budge:
867 420 137 25 Amendment
1013 428 20 18 to
1042 425 32 23 the
1084 425 49 25 U.S.
1143 428 150 30 Constitution.
1311 436 57 32 Only
1377 442 35 24 the

296 442 66 21 moral
372 444 106 28 authonty
489 444 25 24 of
522 446 33 22 the
564 445 145 28 Constitution
718 457 38 18 can
766 451 57 25 force
833 453 134 35 Washington
976 462 19 19 to
1003 459 27 23 do
1039 460 54 25 what
1101 469 64 24 every
1172 469 115 25 American
1297 471 75 32 family

295 481 56 18 stust
360 477 35 23 do:
415 479 41 23 live
466 482 74 23 within
551 481 25 25 its
585 489 81 20 means.
683 486 60 25 Most
750 493 64 19 states
822 495 33 17 are
863 493 93 27 required
964 498 20 19 to
993 494 83 26 balance
1085 499 54 25 their
1147 500 73 28 books.
1239 505 47 25 Bob
1291 502 60 40 Dole

294 512 95 24 believes
399 515 34 23 the
444 515 78 26 tederal
533 525 140 23 government
681 523 77 25 should
767 525 26 23 be
801 526 93 30 required
902 532 21 20 to
930 529 28 23 do
967 536 23 17 so
998 537 22 18 as
1028 532 54 25 weil,

382 586 57 31 Only
449 595 41 18 one
500 596 48 18 man
558 593 73 24 stands
639 594 96 25 between
744 597 35 23 the
787 597 104 26 Balanced
899 599 80 32 Budget
987 604 139 27 Amendment
1135 611 41 22 and
1184 611 34 24 the
1227 615 115 27 American

292 621 141 30 people~Bill
444 624 93 27 Clinton.
555 627 32 25 He
597 631 38 23 has
644 630 75 30 fought
727 639 63 23 every
798 633 63 25 effort
868 640 20 19 to
897 642 47 22 pass
952 637 34 24 the
994 638 103 28 Balanced
1106 643 83 32 Budget
1197 650 151 26 Amendment.

293 657 62 25 Since
365 657 43 27 Bill
417 660 88 27 Clinton
515 662 45 26 first
570 666 51 24 :ook
629 666 74 29 office,
713 669 33 24 the
755 671 140 24 Amendment
902 673 36 24 has
946 680 60 18 come
1014 682 26 24 up
1049 677 53 26 fora
1109 679 165 33 Congressional
1284 694 49 18 vote
1343 690 57 25 three

292 695 68 24 times.
378 695 57 26 Each
445 698 57 26 time,
512 701 27 23 he
547 701 38 25 has
595 702 33 24 led
637 709 27 19 an
672 704 76 25 all-out
755 705 63 25 effort
827 712 20 19 to
855 707 68 25 defeat
930 709 33 24 the
970 713 146 26 Amendment.
1132 716 39 26 Six
1179 722 106 25 memters
1293 724 29 25 of
1327 726 34 23 the

291 729 129 28 President’s
429 740 50 19 own
488 742 65 24 party,
564 739 48 23 who
622 739 41 24 had
672 742 120 29 previously
801 744 110 28 supported
918 745 35 24 the
960 745 102 28 Balanced
1071 750 82 31 Budget
1157 751 157 40 Amendment,

290 767 103 25 switched
403 769 53 25 thetr
465 774 159 25 votes...thanks
633 780 21 19 to
664 775 41 25 Bill
715 776 106 26 Clinton's
829 774 81 39 efforts,

282 834 97 55 d___
382 834 171 55 BALANCING
570 834 56 55 THE
639 834 111 55 BUDGET
763 834 33 55 BY
813 834 52 55 THE
882 834 65 55 YEAR
964 834 61 55 2002

375 912 118 35 Balancing
503 918 34 24 the
547 918 78 26 federal
635 920 78 31 budget
722 921 17 26 is
748 922 96 27 essential
852 929 21 19 to
882 923 113 34 increasing
1002 932 108 24 economic
1119 936 88 28 growth.
1224 937 23 25 In
1259 939 60 29 1995,
1329 943 34 24 the

287 947 78 26 federal
375 956 140 22 government
524 956 49 27 paid
581 962 52 18 over
642 957 56 25 $230
707 958 75 26 billion
790 960 21 24 in
818 960 82 25 interest
907 969 28 17 on
943 963 33 24 the
983 966 88 26 national
1079 968 56 28 deot,
1144 976 24 19 or
1176 979 51 17 over
1238 975 49 24 15%
1295 969 22 38 of
1311 977 44 26 all

287 982 78 27 federal
374 988 113 30 spending.
503 989 79 31 Nearly
591 992 28 24 40
627 999 59 18 cents
695 994 26 24 of
726 1001 62 23 every
796 997 66 24 dollar
868 998 35 23 the
910 998 74 25 federal
992 1007 136 23 government
1135 1007 88 26 collects
1232 1009 21 26 in
1262 1010 85 27 income

285 1025 59 19 taxes
353 1027 53 24 goes
415 1028 21 19 to
446 1031 41 22 pay
496 1025 86 26 interest
589 1034 29 18 on
626 1029 34 24 the
669 1030 91 25 national
769 1032 53 23 debt.
837 1039 63 18 (Suse
906 1037 32 42 ‘The
945 1041 242 26 Economie
1028 1037 22 42 av
1060 1037 53 42 Budget
1126 1037 64 42 Cudoete:
1200 1037 46 42 Fiscal
1256 1037 39 42 Years
1303 1055 89 20 1997-1206,

285 1053 112 21 Congresnonas
405 1056 56 21 Budget
467 1058 54 18 Orica,
528 1060 35 20 May
571 1061 48 19 1996).

372 1117 45 25 The
428 1118 77 27 federal
515 1121 74 25 deficit
597 1124 70 25 drives
676 1132 27 23 up
713 1127 82 24 interest
802 1133 52 19 rates
861 1131 39 22 and
908 1129 39 25 hits
955 1131 94 27 families.
1065 1134 42 26 [tis
1117 1142 12 18 a
1137 1137 86 28 "steaith
1232 1144 45 22 tax”
1287 1144 43 24 that
1338 1141 68 39 every

285 1152 73 29 family
368 1155 51 24 with
428 1162 12 17 a
449 1157 70 25 home,
529 1165 63 23 every
602 1159 67 26 father
676 1163 40 23 and
725 1164 79 24 mother
812 1165 48 24 with
868 1170 11 19 a
886 1166 55 24 child
949 1167 20 24 in
976 1168 85 31 college,
1071 1177 63 25 every
1143 1180 70 26 young
1222 1184 77 23 person
1307 1182 49 23 who

284 1187 53 30 buys
346 1196 12 17 a
367 1197 41 17 car.
418 1198 56 18 must
482 1200 47 23 pay,
548 1195 116 32 Balancing
673 1199 34 22 the
716 1198 76 26 federal
800 1200 75 31 budget
889 1191 58 46 would
958 1191 31 46 cur
999 1206 81 24 interest
1088 1214 53 19 rates
1150 1210 27 30 by
1187 1214 69 29 nearly
1265 1214 44 25 2%,
1319 1219 45 22 and,

285 1230 48 17 save
344 1226 33 23 the
387 1228 77 28 typical
476 1229 80 31 family:

372 1306 10 10 ©
416 1306 58 18 more
484 1301 48 24 than
541 1302 93 25 $36.000
643 1312 29 17 on
680 1312 26 17 an
713 1313 87 23 average
809 1308 59 24 home
876 1316 109 24 mortgage:

372 1341 9 10 *
415 1333 55 42 more
480 1333 49 42 than
541 1333 76 42 $1.400
628 1346 24 18 on
662 1333 25 42 an
699 1333 89 42 ordinary
802 1333 74 42 student
886 1333 56 42 lean:

371 1376 10 11 *
414 1373 71 27 nearly
495 1372 56 24 $700
561 1380 27 17 on
597 1381 13 16 a
618 1377 76 27 typical
704 1384 35 17 car
746 1378 53 24 loan.
814 1368 63 44 isveres:
887 1368 27 44 ein
928 1368 66 44 Sunes
1000 1385 91 23 Commiiees

369 1438 38 23 We
416 1441 78 28 simply
504 1448 77 19 cannot
589 1445 100 24 continue
698 1451 20 19 to
727 1452 105 24 mortgage
838 1450 112 24 America’s
959 1450 70 25 furure.
1045 1452 22 24 [f
1071 1460 32 17 we
1111 1456 99 24 continue
1218 1465 82 18 current
1308 1467 35 18 tax
1351 1464 40 22 and

281 1472 104 29 spending
394 1475 96 27 policies.
501 1477 67 23 furure
578 1480 132 27 generations
718 1481 42 23 will
769 1482 25 23 be
803 1482 81 24 saddled
892 1483 48 24 with
947 1491 25 18 an
980 1485 97 26 effective
1085 1495 34 17 tax
1127 1496 42 18 rate
1177 1491 26 24 of
1208 1498 51 18 over
1268 1494 58 23 80%.

280 1504 64 16 (Suures:
357 1505 30 17 The
394 1507 112 19 Sconemis
481 1500 28 30 and
513 1510 56 20 Budget
574 1511 69 18 Cuvovc
655 1513 44 18 Fisest
707 1514 43 17 Years
757 1511 84 32 (997-1006.
849 1511 102 32 Congrasions!
961 1511 43 32 Bupa
1014 1511 51 32 Offer,
1071 1522 35 19 May
1114 1523 48 18 1996),

370 1565 46 24 Bob
426 1567 75 25 Dole’s
511 1571 111 23 economic
631 1578 95 24 program
736 1576 40 23 will
786 1576 82 22 balance
876 1577 31 23 the
915 1577 74 29 budget
996 1579 25 29 by
1030 1580 33 23 the
1071 1587 49 23 vear
1128 1583 62 25 2002.
1200 1584 44 25 The
1254 1587 112 32 following

281 1600 55 21 table
346 1600 111 26 illustrates
467 1603 49 23 how
524 1611 33 16 we
566 1606 43 23 will
618 1608 86 23 achieve
713 1609 39 24 this
761 1607 53 38 goal:
