1695 2203
959 147 20 15 Qs
997 147 46 14 BAM
1048 147 37 15 OLS,
1097 145 39 16 UG
1147 145 53 15 She
1214 148 20 15 6c
1249 149 47 17 sosty
1310 146 28 21 “2:

332 183 20 6 Yala
386 181 46 7 eer
958 182 44 15 ncer
1012 182 70 16 whics
1091 183 10 15 3
1112 174 108 24 Secencan:
1231 184 34 18 can
1276 187 22 15 se
1308 188 47 18 rec

329 207 135 23 respomsicie
477 200 30 24 tor
536 203 45 22 20%
594 206 23 21 of
625 213 32 17 tne
669 213 102 23 camages.
782 212 50 16 ven
849 208 13 23 f
871 210 22 23 se
905 217 21 17 se
936 216 64 17 snes
1011 217 49 22 ondy
1075 212 32 22 i%
1116 216 20 16 at
1145 210 126 32 fut—e:ves
1280 222 43 19 may
1334 220 90 27 ‘awyess
1435 226 26 16 an

337 244 100 16 neencve
448 243 20 16 tO
480 244 36 16 sus
527 245 103 22 everyone
641 251 19 16 .n
671 250 58 24 sigst.

419 310 45 24 The
475 313 44 21 ‘mal
531 319 94 21 .awyers,
636 322 38 18 one
684 317 24 24 of
714 318 32 22 the
756 316 75 23 richest
840 320 41 21 and
890 324 56 18 most
956 319 104 28 sowersul
1069 320 78 30 Special
1156 321 81 26 interest
1246 326 78 25 loobies
1334 328 22 24 in

349 349 87 23 menca,
448 348 54 23 have
513 355 24 16 an
547 355 113 21 enormous
669 354 56 23 stake
735 353 20 23 in
763 355 138 29 maintaining
910 355 34 23 the
952 360 69 19 srasus
1029 363 51 21 quo:
1097 357 48 29 they
1153 360 47 23 rake
1208 360 20 25 in
1236 368 25 18 an
1269 364 132 33 astonishing
1411 373 52 18 one-

329 387 53 21 thiré
393 391 23 16 of
427 391 59 28 more
496 384 25 23 of
528 387 99 28 camages
637 390 110 22 recovered
756 390 20 23 in
785 394 39 18 tort
832 396 67 20 cases,
909 390 101 30 reducing
1020 391 34 24 the
1063 399 85 18 amount
1156 396 92 26 received
1257 398 24 30 by
1291 400 83 30 injured

328 427 84 22 pares.
432 421 131 24 Consumers
572 430 34 16 are
616 425 44 23 hurt
669 432 22 16 as
700 427 53 21 well:
772 426 32 22 the
813 431 89 25 average
910 427 115 24 American
1035 427 73 30 family
1117 436 50 23 Sys
1176 438 25 17 an
1210 440 54 18 extra
1271 435 56 25 $200
1337 445 37 22 per
1383 446 50 21 year
1442 440 21 24 in

328 463 115 18 ‘asurance
452 464 115 23 premiums
577 465 19 17 to
607 462 61 22 Make
677 468 26 22 up
712 460 32 25 for
752 461 70 29 phony
831 462 82 25 claims.
929 468 66 18 (Source:
1007 470 67 18 Notional
1081 471 190 23 imurance
1164 456 42 42 CAme
1216 471 55 23 Suress)

419 508 110 25 President
538 509 85 25 Clinton
633 512 16 23 is
658 512 75 28 clearly
743 512 33 23 the
786 512 43 24 tial
839 507 97 34 lawyers’
946 514 113 24 candidate
1067 515 26 24 of
1097 516 80 28 choice,
1185 520 40 23 and
1233 519 32 24 for
1272 523 57 28 jood
1337 530 83 19 reason.

327 544 41 25 Mr.
379 544 90 26 Clinton
479 547 37 24 has
525 547 136 30 consistently
671 554 35 24 put
714 549 43 24 vial
768 548 87 31 lawyers
863 547 68 27 ahead
939 548 28 25 of
971 555 130 24 consumers,
1111 553 96 27 workers.
1215 557 39 24 and
1262 557 121 28 businesses
1393 557 58 42 large

327 583 42 23 and
378 583 143 25 smail--most
529 585 91 28 recently
631 586 25 28 by
667 586 82 31 vetoing
757 586 50 24 both
816 587 88 30 product
913 585 90 32 liability
1012 588 41 24 and
1061 590 107 25 securities
1176 591 100 32 litigation
1284 595 84 26 reform.

418 659 33 22 As
460 657 113 26 President,
584 658 46 25 Bob
639 658 54 25 Dole
701 659 42 24 will
753 658 52 31 Sight
813 658 34 25 for
854 665 175 19 common-sense
1037 660 55 31 legal
1100 662 76 26 reform
1184 665 41 24 that
1233 672 105 24 promotes
1344 669 40 30 job

327 694 140 28 Opportunity
477 694 41 23 and
526 695 111 23 economic
646 696 79 29 growth
733 695 30 25 far
771 696 42 23 into
824 695 33 24 the
865 694 131 27 furure—aend
1004 698 74 24 makes
1085 699 35 23 the
1127 702 140 27 power
1202 687 22 51 of
1236 687 27 51 the
1275 704 45 24 tial
1330 700 80 34 iawyer

328 728 66 28 lobby
404 735 13 17 a
424 729 62 29 thing
495 729 26 24 of
526 730 34 23 the
568 735 52 24 past.
637 731 46 24 Bob
692 730 53 25 Dole
753 730 50 24 will:

422 801 15 21 1,
464 799 65 26 Limit
537 802 92 29 punitive
638 803 97 28 damages
744 808 20 18 to
774 802 105 25 $250,000
888 809 24 17 or
920 802 57 25 three
985 803 63 24 times
1056 807 110 23 economic
1173 808 103 31 damages,
1284 812 123 26 whichever
1416 815 17 23 is

464 842 85 24 greater,
558 843 75 24 except
642 838 20 23 in
671 845 57 17 cases
737 839 108 28 involving
852 839 70 23 death.
931 840 81 24 serious
1021 839 74 31 injury,
1104 842 82 25 alcohoi
1194 851 23 17 or
1224 846 50 30 drug
1282 854 45 17 use.
1336 849 97 25 criminal

464 873 139 26 misconduct,
612 880 23 18 or
643 874 49 23 civil
701 875 62 29 rights
772 875 119 23 violations.
908 874 50 25 This
967 875 54 24 limit
1029 876 44 24 will
1082 878 61 30 apply
1152 879 21 24 in
1181 880 26 24 ail
1215 881 48 25 civil
1272 890 118 19 cases—not
1394 882 52 39 just

464 911 87 27 product
560 910 87 29 liability
657 917 63 18 cases.
737 913 84 28 Among
830 912 33 23 the
872 917 63 23 many
945 917 77 25 groups
1030 913 42 24 this
1080 913 76 26 reform
1164 916 41 24 will
1214 923 77 24 protect
1299 926 33 18 are
1341 921 113 25 volunteer

463 947 162 28 Organizations.

417 1010 22 24 ww

465 1008 86 43 Abolish
561 1013 55 29 joint
624 1013 40 24 and
671 1013 77 24 several
758 1013 87 28 liability
854 1012 33 25 for
894 1013 166 25 non-economic
1068 1014 97 32 damages
1174 1016 21 26 in
1202 1018 27 25 all
1237 1019 49 25 sivil
1293 1027 66 19 cases,
1377 1022 59 25 Each

464 1053 59 18 actor
531 1048 20 23 in
559 1055 11 17 a
579 1048 82 24 lawsuit
669 1049 74 24 should
750 1050 26 23 be
784 1049 48 24 held
841 1046 62 27 liable
911 1050 50 28 only
971 1048 33 24 for
1012 1049 33 24 his
1053 1056 23 18 or
1084 1051 36 24 her
1128 1051 37 25 fair
1172 1053 58 24 share
1238 1054 25 25 of
1268 1057 34 22 the
1309 1059 104 27 problem.

464 1082 51 25 This
524 1084 75 24 reform
608 1084 42 23 will
661 1085 46 28 hein
716 1090 82 20 remove
807 1086 33 25 the
849 1084 104 29 incsative
962 1084 27 24 of
993 1086 46 23 trial
1048 1086 86 28 lawyers
1142 1093 21 19 to
1171 1089 48 26 drag
1227 1097 61 17 every
1296 1093 96 28 possible

465 1119 114 24 individual
589 1126 23 17 or
620 1120 95 25 business
723 1120 42 24 into
773 1127 12 17 a
793 1121 88 23 lawsuit.

420 1184 10 23 [vr

435 1201 4 6 .
465 1183 95 26 Promote
569 1187 56 28 early
634 1186 113 25 settlement
756 1186 26 24 of
787 1186 73 25 claims
868 1187 41 23 and
918 1186 74 24 reduce
1001 1186 95 30 lawyers’
1106 1188 112 26 incentives
1227 1197 19 17 to
1255 1192 78 30 litigate
1341 1194 29 28 by

465 1221 98 30 allowing
573 1228 12 17 a
592 1222 111 24 defendant
711 1229 20 17 to
739 1224 60 23 make
808 1229 25 17 an
840 1222 70 29 “early
918 1221 159 26 offer”—within
1090 1223 37 25 |20
1135 1225 89 29 days—to
1233 1233 134 25 compensate
1376 1236 13 17 a

465 1256 95 30 plaintiff
566 1257 32 24 for
606 1259 26 23 all
641 1259 107 23 economic
756 1259 106 29 damages.
871 1258 106 32 including
986 1258 89 25 medical
1083 1265 56 19 costs
1147 1261 38 24 and
1194 1262 39 24 lost
1241 1263 89 24 income.
1347 1258 44 31 The

466 1292 94 29 plainti:t
565 1300 48 22 may
622 1295 61 28 reject
691 1294 32 24 the
731 1293 55 25 offer
793 1295 40 23 and
840 1299 77 25 pursue
924 1293 34 24 the
968 1294 87 24 lawsuit.
1072 1294 40 25 But
1119 1296 21 24 in
1148 1297 41 23 that
1196 1301 53 21 case.
1257 1299 26 23 he
1291 1306 24 17 or
1323 1300 37 24 she
1369 1307 49 23 may

465 1328 50 29 only
525 1334 84 19 recover
617 1330 158 23 non-economic
783 1331 106 27 damages.
899 1329 106 29 including
1013 1330 92 28 punitive
1113 1332 102 29 damages,
1224 1335 67 23 where
1300 1336 56 23 there
1365 1336 18 23 is

465 1364 56 22 ctear
529 1364 40 23 and
576 1365 125 29 convincing
707 1360 58 40 proof
777 1360 41 40 that
825 1364 133 25 defendant's
966 1364 91 24 conduct
1064 1372 43 17 was
1114 1367 75 23 caused
1198 1368 26 27 by
1232 1368 120 25 intentional
1361 1377 24 16 or

467 1405 82 17 wanton
558 1400 136 23 misconduct,
709 1399 66 25 States
782 1400 42 24 will
834 1401 25 22 be
868 1399 47 24 able
924 1404 20 18 to
952 1404 36 23 opt
996 1404 37 18 out
1040 1400 27 24 of
1072 1401 39 24 this
1118 1401 81 25 reform.

420 1462 19 21 4.
467 1461 78 25 Ensure
553 1464 43 23 that
604 1469 75 23 money
687 1464 108 24 recovered
804 1465 20 23 in
832 1464 128 23 settlements
968 1468 52 24 goes
1028 1468 21 18 to
1058 1465 57 23 those
1124 1466 46 23 who
1178 1471 53 19 were
1239 1467 85 28 injured,
1333 1473 37 19 not
1378 1470 53 22 their

467 1498 94 27 lawyers,
570 1498 26 27 by
605 1498 86 30 curbing
699 1499 32 23 the
739 1500 64 22 abuse
810 1498 25 23 of
840 1498 139 28 contingency
988 1497 33 23 fee
1029 1500 163 27 representacion.
1209 1502 72 22 Where
1289 1508 13 16 a
1309 1502 113 24 defendant

467 1530 66 25 offers
541 1538 26 17 an
575 1533 118 28 acceptable
701 1534 119 23 settlement.
829 1533 34 22 the
872 1531 110 29 plaintiff's
992 1532 76 28 lawyer
1075 1539 46 22 may
1130 1534 73 23 collect
1211 1541 25 18 an
1243 1536 75 29 hourly
1326 1543 42 17 rate
1376 1538 37 23 but

469 1572 36 16 Not
513 1573 12 16 a
533 1568 136 28 contingency
679 1568 36 23 fee.
732 1567 20 24 [f
757 1568 32 23 the
798 1568 116 23 sertlement
921 1566 55 24 offer
984 1568 17 22 is
1010 1568 94 27 rejected.
1113 1569 33 22 the
1154 1570 107 27 plaintiff's
1271 1572 78 27 lawyer
1356 1573 45 21 will

469 1602 49 27 only
528 1602 24 21 be
561 1601 46 23 able
616 1607 20 17 to
644 1603 72 22 coilect
725 1609 11 16 2
744 1603 136 28 contingency
889 1600 33 24 fee
931 1600 32 24 for
970 1607 26 17 an
1004 1608 84 17 amount
1096 1603 93 23 awarded
1197 1604 26 27 by
1231 1610 8 17 a
1247 1605 66 28 judge
1321 1612 24 16 or
1349 1606 49 28 jury

469 1634 43 24 that
520 1636 88 24 exceeds
616 1638 33 22 the
657 1637 84 29 original
750 1636 59 25 offer.
825 1636 67 24 States
901 1635 42 24 will
952 1636 25 23 be
986 1636 46 23 able
1041 1641 19 18 to
1068 1642 35 23 opt
1112 1642 35 18 out
1154 1638 26 23 of
1185 1639 38 23 this
1232 1639 82 24 reform.
