1686 2190
279 99 608 82 CALIFORNIA

430 215 187 30 MP&RING
634 217 203 30 CLINTON’S
855 220 146 30 RHETOt

918 105 608 82 CHRONICLES

1071 218 97 34 WITH
1187 225 61 29 HIS
1295 227 131 31 RECORD

393 376 217 29 CLINTON’S
623 376 170 30 BROKEN
804 378 203 31 PROMISES
1018 381 56 29 TO
1086 382 301 35 CALIFORNIANS

333 462 59 25 This
403 462 20 25 is
434 462 48 25 Bill
492 462 125 25 Clinton’s
625 463 62 26 25th
696 463 46 32 trip
752 467 24 22 to
786 463 143 27 California,
948 465 20 25 It
977 473 81 19 seems
1067 467 60 32 only
1137 467 81 34 fitting
1227 477 39 18 we
1275 470 78 27 honor
1361 472 40 26 the

300 585 106 24 Clinton
418 584 134 26 Promised
562 585 229 26 Californians...

317 724 30 21 He
356 723 69 21 would
432 723 48 27 give
488 724 33 21 the
529 724 78 22 middle
615 725 53 21 class
676 731 12 15 a
696 729 34 17 tax
738 729 34 17 cut
781 719 32 37 Los
821 719 66 37 Angeles

316 756 52 16 Times,
376 755 66 16 10/18/92

316 941 31 21 He
355 941 69 21 would
432 945 35 18 not
475 946 84 23 support
567 948 12 15 a
586 948 37 21 gas
630 946 34 17 tax
673 942 91 22 increase
779 949 13 15 in
799 949 56 19 Putting

315 973 52 19 People
373 973 39 17 First,
419 978 13 14 p.
438 973 17 15 91

317 1056 30 21 He
355 1056 69 21 would
431 1056 58 21 work
496 1060 21 18 to
526 1057 52 27 keep
586 1057 33 21 the
628 1061 44 17 cost
680 1057 26 22 of
711 1057 77 28 buying
796 1064 12 15 a
815 1058 62 22 home
902 1049 2 3 é

317 1089 39 21 low
375 1095 13 15 in
395 1096 31 14 Van
432 1096 45 18 Nuys,
483 1096 26 15 CA
515 1100 19 11 on
540 1096 58 15 5/18/93

317 1181 30 21 He
355 1181 70 21 would
432 1181 40 21 end
479 1181 84 22 welfare
571 1188 22 15 as
601 1188 32 15 we
641 1181 62 22 know
712 1182 14 21 it
735 1177 33 35 Los
776 1177 62 35 Angeles

316 1212 52 17 Times,
376 1212 66 16 10/28/92

317 1328 36 21 His
361 1329 161 21 administration
529 1329 70 21 would
607 1335 90 22 approve
704 1330 83 21 welfare
795 1330 86 22 waivers

317 1361 31 22 for
356 1362 112 21 California
476 1362 20 21 in
504 1362 27 22 30
539 1362 51 28 days
596 1357 35 37 Los
639 1357 62 37 Angeles
706 1369 53 18 Times,
765 1369 48 15 8/1/95

317 1453 30 21 He
355 1453 70 23 would
432 1453 27 22 do
467 1459 57 16 more
531 1457 21 18 to
561 1453 53 28 fight
620 1454 70 25 crime,
699 1454 68 28 drugs,
775 1455 40 21 and
822 1461 65 21 gangs

316 1485 14 15 in
336 1485 89 19 Northridge,
430 1485 27 16 CA
463 1485 49 15 3/8/96

234 502 147 25 President’s
390 502 58 25 visit
457 502 59 25 with
521 499 19 28 a
550 502 40 25 list
599 502 31 26 of
636 504 32 26 25
678 503 121 32 promises
808 504 102 26 Clinton
919 505 71 26 made
999 510 25 21 to
1034 507 137 26 California
1179 508 51 26 that
1239 510 30 25 he
1279 510 43 26 has
1332 511 67 26 since
1409 513 98 27 broken.

912 588 106 26 Clinton
1028 589 75 26 Gave
1112 590 231 28 Californians...

932 726 43 22 The
984 727 73 28 largest
1064 732 34 18 tax
1107 729 90 22 increase
1206 730 20 21 in
1234 731 109 22 American
1351 731 78 29 history
1436 734 67 22 which

932 764 45 18 cost
984 761 114 22 California
1105 762 60 23 $37.3
1175 763 73 22 billion
1257 764 20 22 in
1286 765 39 21 lost
1332 771 88 17 revenue
1442 774 52 15 vetoed

932 804 19 11 on
956 800 58 16 8/10/93

931 945 19 20 A
958 945 33 21 4.3
1000 949 47 18 cent
1054 952 37 21 per
1097 946 69 27 gallon
1174 953 37 21 gas
1218 951 34 18 tax
1261 948 89 22 increase
1358 949 42 22 that
1407 954 45 17 cost

931 978 137 23 Californians
1076 980 69 27 nearly
1153 980 55 22 $550
1216 982 80 21 million
1304 989 36 20 per
1347 989 48 20 year
1416 990 76 15 vetoed
1476 974 20 39 oa

931 1009 58 16 8/10/93

931 1059 60 22 Since
999 1060 83 22 Clinton
1090 1061 100 22 slammed
1198 1062 33 22 the
1239 1063 52 22 door
1297 1070 27 15 on
1333 1064 98 22 balanced

930 1092 76 28 budget
1013 1093 58 25 talks,
1081 1094 81 22 interest
1169 1099 52 18 rates
1229 1096 52 22 have
1286 1097 85 27 jumped
1382 1098 61 25 1.3%,

930 1126 80 28 costing
1017 1127 142 23 homeowners
1167 1129 102 22 hundreds
1277 1130 26 22 of
1307 1130 75 22 dollars
1390 1137 61 21 every
1459 1138 48 20 year

929 1184 42 21 Not
978 1190 46 19 one,
1033 1185 36 21 but
1075 1189 42 18 two
1124 1190 71 18 vetoes
1203 1187 26 21 of
1233 1188 41 21 real
1282 1188 82 22 welfare
1372 1189 81 21 reform.
1462 1189 42 22 The

929 1218 73 21 AFDC
1010 1218 49 22 rolls
1068 1219 19 21 in
1095 1219 113 22 California
1216 1220 51 22 have
1276 1221 103 22 increased
1390 1223 47 20 10%

929 1250 73 28 during
1009 1251 103 22 Clinton’s
1121 1252 43 22 first
1171 1253 56 22 three
1234 1260 58 20 years
1300 1261 51 15 vetoed
1356 1265 19 11 on
1383 1261 55 15 12/6/95
1444 1262 28 15 and

931 1282 52 18 1/9/96;
989 1282 38 17 USA
1032 1283 55 19 Today,
1092 1284 58 16 5/29/96

929 1332 33 21 An
970 1337 86 22 average
1063 1333 48 21 wait
1118 1333 26 22 of
1151 1334 21 22 11
1183 1334 81 22 months
1273 1335 32 21 for
1312 1336 96 27 approval
1417 1336 25 21 of

928 1365 132 22 California’s
1068 1366 82 22 welfare
1158 1367 86 22 waivers
1259 1374 116 16 Administration
1380 1375 23 15 for
1407 1375 67 16 Children

928 1404 28 16 and
961 1404 71 18 Families,
1038 1405 43 18 HHS,
1087 1405 48 16 5/7/96
1295 1400 3 1 f

929 1456 60 22 Since
1000 1457 59 25 1992,
1068 1457 77 27 federal
1150 1458 52 27 drug
1209 1459 143 27 prosecutions
1356 1460 40 21 and
1404 1460 90 22 firearms

928 1490 140 26 prosecutions
1075 1491 52 21 have
1135 1491 116 26 decreased,
1258 1492 61 22 while
1323 1490 54 30 drug
1385 1500 36 15 use
1428 1494 40 21 and

924 1523 92 27 juvenile
1024 1524 63 21 crime
1095 1524 36 22 has
1139 1524 104 23 increased.
1257 1532 115 16 Administrative
1376 1532 99 16 Office
1429 1519 17 38 of
1452 1519 26 38 the

928 1554 33 16 U.S.
967 1554 56 18 Courts;
1031 1545 32 38 U.S.
1072 1545 84 38 Sentencing
1164 1545 96 38 Commission
1269 1545 80 38 Monitoring
1357 1545 30 38 Data
1395 1545 46 38 Files;
1443 1559 34 17 FBI,

928 1577 64 16 Uniform
998 1577 48 17 Crime
1051 1578 61 20 Reports

318 1624 30 20 He
356 1623 69 21 would
432 1627 36 23 put
479 1624 86 24 100,000
573 1630 51 21 cops
631 1630 28 16 on
666 1625 34 21 the
708 1628 60 18 street
927 1627 55 26 Only
993 1627 72 25 17,000
1073 1633 50 22 cops
1131 1633 27 16 on
1165 1628 34 21 the
1207 1632 60 18 street
1273 1633 21 18 to
1302 1629 45 22 date
1355 1630 121 21 nationwide

317 1656 123 21 nationwide
454 1662 14 15 in
474 1662 73 16 interview
551 1663 35 15 with
591 1663 27 16 CA
623 1663 89 20 Newspaper
716 1664 85 17 Publishers,
807 1664 58 15 2/11/94
927 1665 39 15 Janet
971 1665 46 17 Reno,
1022 1665 59 16 $/16/96

318 1713 30 21 He
356 1713 69 21 would
432 1714 84 26 appoint
523 1715 34 21 US
565 1716 110 26 Attorneys
682 1715 42 21 that
731 1719 54 18 meet
792 1721 12 15 a
811 1716 49 27 high

317 1746 93 21 standard
417 1746 26 21 of
447 1747 117 21 excellence
577 1753 15 16 in
597 1753 29 16 San
631 1753 52 20 Diego,
688 1754 32 17 CA,
726 1754 58 16 5/17/93

318 1826 30 21 He
355 1825 70 22 would
433 1825 45 22 lead
485 1832 13 15 a
505 1827 48 21 War
559 1833 28 15 on
595 1828 67 26 Drugs
676 1833 15 15 in
697 1834 55 19 Putting
757 1830 52 23 People
815 1834 39 18 First,

927 1717 19 21 A
954 1717 34 21 US
995 1717 98 27 Attorney
1102 1718 20 21 in
1130 1718 40 21 San
1178 1719 67 26 Diego
1252 1719 47 21 who
1307 1720 36 21 has
1350 1720 87 21 allowed

926 1755 57 16 more
990 1750 48 21 than
1048 1750 59 24 1,000
1114 1751 51 27 drug
1172 1751 113 27 smugglers
1292 1756 21 17 to
1321 1759 27 20 go
1357 1752 41 22 free
1413 1759 28 15 Los

922 1770 65 37 Angeles
996 1770 50 37 Times,
1052 1781 59 16 5/12/96

926 1829 82 22 Clinton
1015 1829 82 22 slashed
1104 1831 107 26 personnel
1218 1835 20 17 at
1245 1831 33 22 the
1285 1832 64 22 office
1357 1833 26 21 of
1386 1833 34 21 the
1427 1833 50 26 drug

925 1868 47 15 czar
979 1862 27 27 by
1014 1863 56 24 80%,
1078 1867 34 17 cut
1118 1863 25 21 its
1151 1863 76 27 budget
1234 1864 27 26 by
1268 1865 56 25 90%,
1333 1866 39 20 and
1380 1866 35 21 has
1423 1869 34 18 cut

926 1894 85 27 funding
1019 1894 33 22 for
1059 1895 126 22 interdiction
1192 1896 51 21 37%
1251 1896 51 22 from
1314 1898 48 21 1991
1374 1898 62 21 levels

921 1922 70 28 National
1000 1922 33 28 Drug
1042 1922 54 28 Control
1105 1922 67 28 Strategy,
1184 1922 43 28 White
1233 1922 50 28 House,
1289 1922 38 28 2/95;
1338 1922 59 28 Gannett
1406 1922 40 28 News

922 1944 73 29 Services,
1001 1944 53 29 2/5/94;
1062 1944 27 29 Los
1096 1944 61 29 Angeles
1163 1944 49 29 Times,
1221 1944 59 29 2/26/96
