1684 2203
240 297 24 26 A
276 297 74 26 Firm
363 296 87 27 Hand
459 298 28 25 in
500 297 43 27 the
555 298 71 28 Oval
636 298 85 38 Office

115 371 42 22 Our
164 374 69 19 nation
242 373 71 20 needs
320 378 14 15 a
342 372 113 26 President
461 375 49 20 who
516 378 42 17 can
566 376 105 20 articulate
679 376 42 21 and
730 376 120 24 implement

115 408 12 17 a
137 406 121 19 consistent
269 404 82 26 foreign
364 404 75 27 policy:
448 406 46 21 The
506 407 113 21 President
629 407 23 22 of
662 408 35 22 the
709 409 81 21 world's
801 410 47 25 only

114 440 143 21 superpower
271 439 59 19 must
344 438 28 20 be
387 438 114 20 steadfast
515 439 18 19 in
548 440 33 21 his
595 442 92 23 support
700 441 23 21 of
732 441 115 21 American

114 468 86 24 policies
210 470 43 19 and
261 470 119 20 America's
391 470 81 22 friends
482 473 44 19 and
536 472 67 21 allies.
614 472 45 21 The
670 472 112 22 President
792 476 56 19 must

114 504 62 17 mean
188 502 57 19 what
257 502 29 19 he
298 507 61 20 says,
372 507 41 20 say
424 504 58 20 what
494 504 28 20 he
534 508 85 19 means,
633 505 43 20 and
688 506 51 19 stick
751 507 21 19 to
784 507 17 19 it.
815 506 32 21 Bill

113 532 97 25 Clinton's
217 533 116 22 vacillation
340 535 43 20 and
392 535 172 22 indecisiveness
572 538 136 21 undermines
715 542 37 17 our
760 538 86 25 position

113 567 20 18 at
142 570 42 20 any
193 567 131 25 negotiation
334 578 17 3 --
360 568 98 21 whether
466 573 28 16 on
504 570 92 25 security
605 574 23 16 or
637 570 61 20 trade
707 572 92 20 matters.

236 635 124 27 America
371 634 23 28 Is
404 634 60 29 and
470 637 77 27 Must
556 637 111 28 Remain
679 636 43 29 the

301 680 101 29 Leader
412 682 26 36 of
444 681 49 28 the
504 683 59 27 Free
576 681 88 30 World

112 755 37 22 We
161 756 34 21 did
209 759 36 18 not
256 762 40 15 win
308 758 37 21 the
358 758 54 21 Cold
425 758 48 21 War
485 758 86 22 without
582 760 60 21 allies
654 761 43 20 and
709 761 85 22 friends,
808 766 38 15 nor

113 789 75 20 should
196 793 34 17 we
239 791 148 25 contemplate
395 790 72 28 facing
475 791 69 22 future
552 793 128 26 challenges
687 793 85 21 without
780 794 63 20 them.

112 822 24 19 At
145 822 36 21 the
192 822 42 21 end
247 822 22 21 of
279 823 37 20 the
327 822 50 22 Gulf
385 823 53 23 War,
448 824 98 22 America
557 829 47 17 was
616 827 114 24 respected
742 826 26 25 by
779 826 64 22 friend

112 855 41 20 and
164 854 36 21 foe
209 855 55 20 alike.
282 855 34 20 Bill
326 855 84 23 Clinton
421 858 42 20 has
472 858 142 25 squandered
623 858 42 21 this
674 858 79 27 legacy.
767 860 12 19 It
788 861 57 20 must

112 887 27 20 be
152 888 127 24 recaptured.
298 889 120 21 America’s
431 890 61 20 allies
505 891 43 19 and
561 890 80 22 friends
655 892 57 20 must
724 892 55 21 have
792 892 52 21 their

98 919 142 22 “confidence
251 925 19 15 in
281 925 27 16 us
319 922 106 20 restored.
437 922 103 21 Potential
552 924 101 21 enemies
664 925 56 20 must
730 924 61 21 know
801 924 43 21 that

110 956 33 17 we
151 953 36 19 will
197 953 64 20 stand
272 959 28 19 up
309 954 22 20 to
341 955 83 23 protect
432 959 39 17 our
480 955 107 21 interests.

300 1022 108 38 Foreign
419 1021 86 39 Policy
519 1022 69 28 That
596 1025 63 26 Puts

303 1067 144 27 American
458 1068 118 27 Interests
586 1068 67 27 First

112 1140 43 21 The
163 1146 79 19 proven
250 1141 100 24 principle
357 1143 22 19 of
386 1143 83 23 “peace
475 1143 89 26 through
573 1144 104 26 strength"
684 1144 35 19 will
727 1145 62 25 guide
797 1145 46 21 Bob

112 1172 70 20 Dole's
192 1172 82 26 foreign
286 1174 71 25 policy.
369 1174 133 25 Leadership
513 1175 18 18 in
543 1176 88 24 support
641 1174 23 21 of
670 1176 115 21 America’s
795 1177 45 20 vital

112 1204 90 20 national
213 1204 102 21 interests
324 1205 37 19 will
372 1206 28 20 be
411 1206 33 20 his
454 1211 80 15 course
544 1206 22 20 of
575 1207 76 20 action.
663 1206 44 22 Our
715 1208 56 20 chief
779 1208 63 25 goals

97 1232 3 2 “
111 1235 34 20 will
153 1236 29 21 be
189 1237 21 20 to
218 1237 101 20 maintain
328 1237 49 20 U.S.
386 1238 121 22 economic,
516 1237 146 28 political,
626 1233 33 36 and
670 1239 83 26 military
760 1245 81 16 access

112 1269 19 19 to
139 1268 38 25 key
184 1268 92 26 regions,
285 1271 96 22 promote
388 1269 192 24 democratization,
588 1270 72 21 thwart
665 1270 35 21 the
708 1270 132 26 proliferation

112 1299 22 21 of
143 1305 107 19 weapons
263 1300 23 20 of
297 1305 63 17 mass
373 1301 131 21 destruction
517 1302 43 21 and
572 1302 53 21 their
635 1302 91 26 delivery
738 1305 102 24 systems,

112 1332 41 20 and
165 1332 76 24 punish
250 1333 66 21 those
325 1334 72 20 states
407 1333 43 21 and
461 1336 137 20 movements
607 1335 44 21 that
660 1336 48 24 plan
718 1340 23 17 or
749 1337 93 20 conduct

112 1365 89 20 terrorist
209 1366 35 19 act
253 1365 87 26 against
347 1365 113 21 American
470 1366 95 22 citizens.

112 1436 7 7 »
134 1428 89 22 Neither
236 1429 37 22 the
289 1430 79 22 United
385 1431 101 24 Nations,
502 1437 40 15 nor
555 1437 43 21 any
612 1431 64 22 other
689 1432 150 23 international

112 1463 143 25 organization
262 1467 24 16 or
292 1462 82 28 foreign
382 1464 90 26 country,
481 1463 35 21 will
525 1466 34 19 set
565 1465 115 22 America’s
687 1465 79 27 foreign
774 1466 66 26 policy

112 1496 93 24 agenda.
215 1495 76 27 Paring
301 1496 63 20 down
373 1496 37 21 the
420 1496 49 21 U.N.
481 1498 146 26 bureeucracy
635 1498 43 21 and
687 1498 93 27 genuine
790 1498 42 22 U.N

113 1527 73 21 reform
196 1527 35 21 will
241 1527 28 21 be
279 1533 13 15 a
303 1528 48 27 high
361 1529 85 26 priority.

113 1600 7 6 +
128 1591 84 28 Foreign
219 1593 34 20 aid
259 1594 35 18 will
302 1594 28 20 be
337 1594 79 21 offered
424 1595 47 24 only
478 1599 26 16 as
511 1599 13 16 a
531 1595 82 24 precise
620 1596 93 26 targeted
721 1596 119 21 instrument

112 1624 22 20 of
139 1624 112 21 American
261 1624 82 27 foreign
354 1626 71 26 policy,
436 1627 108 26 designed
554 1628 21 19 to
584 1628 100 20 advance
693 1627 88 26 specific
790 1627 48 23 U.S.

112 1656 81 27 foreign
209 1657 69 25 policy
290 1658 73 25 goals.
380 1658 13 20 It
406 1658 36 20 will
458 1659 37 20 not
508 1659 28 20 be
550 1664 28 15 an
592 1659 147 21 international
753 1659 86 23 welfare

114 1693 102 22 program.

113 1759 7 6 *
129 1753 44 20 The
186 1753 74 21 United
273 1753 75 21 States
361 1756 57 19 must
429 1760 57 16 once
498 1760 63 20 again
574 1756 47 20 lead
633 1756 36 20 the
681 1756 62 20 North
753 1756 86 20 Atlantic

112 1784 109 21 Alliance.
238 1784 48 21 The
303 1784 59 21 Dole
377 1787 186 20 administration
579 1787 40 19 will
635 1792 87 16 ensure
738 1788 47 20 that
800 1787 38 21 the

113 1816 145 25 enlargement
264 1816 23 20 of
292 1816 70 21 NATO
369 1818 21 19 to
397 1818 84 21 include
486 1818 36 21 the
530 1818 83 21 Central
620 1818 42 21 and
670 1818 51 21 East
728 1818 110 24 European

113 1847 147 21 democracies
266 1847 37 20 will
310 1848 28 20 be
346 1849 64 24 rapid,
417 1849 46 20 with
471 1849 88 23 Poland,
567 1850 100 25 Hungary,
675 1850 41 20 and
725 1850 34 20 the
766 1850 72 21 Czech

114 1878 101 23 Republic
224 1879 64 26 being
298 1881 102 19 admitted
410 1881 28 24 by
449 1881 62 21 1998.

885 304 6 7 *
903 299 98 22 America
1016 300 41 21 has
1071 305 13 16 a
1098 301 85 22 distinct
1197 303 94 21 national
1306 303 91 24 interest
1410 306 19 20 in
1443 311 13 16 a
1470 307 44 20 firm
1528 309 94 26 security

883 332 147 26 relationship
1044 333 50 20 with
1109 339 13 15 a
1138 334 141 24 democratic
1294 336 86 23 Russia
1397 339 46 21 that
1459 342 108 23 respects
1581 343 37 20 the

884 365 139 27 sovereignty
1037 366 44 21 and
1096 365 174 28 independence
1283 369 24 22 of
1320 370 26 22 its
1361 372 128 27 neighbors.
1503 373 47 22 The
1564 374 55 22 Dole

883 398 165 21 administration
1060 399 36 19 will
1108 399 56 23 seek
1175 403 140 23 cooperation
1327 403 48 22 with
1387 403 88 26 Russia,
1488 407 37 21 but
1535 408 36 19 will
1583 409 37 20 not

883 434 67 21 paper
959 436 52 15 over
1021 430 131 24 differences
1162 437 24 17 or
1196 433 73 27 ignore
1280 434 106 23 behavior
1394 438 45 20 that
1450 438 17 21 is
1478 439 141 21 inconsistent

882 461 45 21 with
938 461 99 23 Russia's
1046 464 146 22 international
1202 465 135 28 obligations.

882 533 6 6 *
894 527 111 21 American
1013 527 68 27 policy
1087 529 79 21 toward
1174 528 68 23 China
1249 531 36 20 will
1294 532 72 21 reflect
1373 538 39 16 our
1418 535 122 26 continuing
1547 536 72 21 desire

880 559 21 21 to
910 561 96 23 promote
1014 562 116 21 economic
1136 562 44 21 and
1189 563 88 24 political
1286 563 151 24 liberalization
1446 571 18 15 in
1473 567 44 20 that
1525 564 93 33 country.

880 591 24 20 At
918 591 37 21 the
969 596 65 18 same
1048 594 58 23 time,
1121 598 34 17 we
1167 594 38 20 will
1220 596 37 19 not
1271 597 93 21 tolerate
1378 597 77 21 efforts
1469 598 27 25 by
1510 598 71 21 China
1594 601 22 19 to

880 625 118 21 intimidate
1011 625 85 21 Taiwan
1110 631 24 15 or
1147 631 43 21 any
1204 628 64 20 other
1280 628 24 21 of
1317 629 26 20 its
1357 630 129 26 neighbors.
1501 630 46 22 The
1562 631 54 23 Dole

879 656 164 23 Administration
1050 658 35 20 will
1093 659 28 21 be
1127 660 121 21 committed
1255 661 20 20 to
1282 661 90 26 reviving
1376 663 113 21 American
1496 660 119 35 leadership

880 694 17 14 in
905 690 57 21 Asia.

879 762 6 7 +
898 755 18 19 In
927 755 80 22 Bosnia
1018 756 43 21 and
1072 757 157 27 Herzegovina,
1241 758 46 22 Bob
1298 759 72 22 Dole’s
1382 765 56 17 main
1449 762 80 26 priority
1538 763 36 20 will
1583 763 30 22 be

878 791 20 17 to
910 793 80 17 ensure
1002 790 44 20 that
1056 790 36 21 the
1104 790 95 22 Bosnian
1211 791 80 26 people
1302 797 38 17 are
1352 794 103 23 provided
1466 795 46 20 with
1524 796 87 26 enough

878 826 105 20 weapons
993 822 42 21 and
1047 822 105 22 sufficient
1160 823 88 27 training
1258 826 21 19 to
1289 824 81 22 defend
1381 826 137 22 themselves
1527 828 86 27 against

879 854 100 23 potential
992 854 69 22 future
1074 855 140 27 aggression.
1230 855 47 24 Bob
1290 858 55 21 Dole
1357 859 38 19 will
1408 859 50 21 also
1473 863 97 22 promote
1583 866 29 16 an

878 887 109 23 approach
996 887 44 21 that
1049 889 102 24 supports
1159 888 37 22 the
1204 889 134 22 democratic
1347 896 94 20 process
1450 892 19 19 in
1479 891 80 22 Bosnia
1568 895 42 19 and

877 919 71 26 brings
958 919 90 21 indicted
1057 925 44 16 war
1109 920 106 22 criminals
1223 923 22 20 to
1252 922 84 26 justice.

877 990 7 7 *
894 985 97 20 America
1003 985 37 19 will
1053 985 101 21 continue
1167 988 20 18 to
1199 987 57 20 work
1268 987 83 27 closely
1363 989 47 20 with
1424 993 39 16 our
1475 989 78 21 friends
1566 990 43 20 and

876 1016 59 21 allies
943 1017 19 19 in
970 1017 36 20 the
1014 1017 77 21 Middle
1100 1017 52 22 East
1159 1020 79 20 toward
1247 1021 119 26 promoting
1374 1021 37 20 the
1419 1022 161 26 strengthening
1587 1022 24 21 of

875 1049 135 26 democracy
1023 1051 44 19 and
1082 1051 45 20 rule
1141 1051 22 20 of
1177 1051 46 23 law,
1238 1052 37 20 the
1290 1053 151 21 acceleration
1455 1053 24 21 of
1491 1055 118 20 economic

875 1081 154 25 development
1036 1082 43 20 and
1088 1082 37 20 the
1134 1084 114 20 extension
1258 1083 23 22 of
1289 1088 78 20 peace.

875 1152 7 7 +
891 1146 39 20 We
939 1146 87 20 reaffirm
1035 1152 39 15 our
1080 1147 147 21 commitment
1234 1149 22 20 to
1264 1149 36 20 the
1308 1149 105 21 territorial
1423 1150 92 26 integrity
1523 1150 23 20 of
1552 1150 25 21 all
1585 1150 22 21 of

875 1177 35 20 the
918 1177 70 21 states
996 1177 19 20 in
1023 1178 36 20 the
1067 1178 80 26 region,
1155 1183 28 17 as
1190 1180 45 20 well
1243 1184 27 16 as
1279 1184 39 17 our
1324 1181 82 24 special
1416 1181 136 25 relationship
1559 1181 46 21 with

875 1210 35 19 out
919 1209 130 20 democratic
1058 1210 43 25 ally,
1112 1211 70 20 Israel.

875 1279 6 7 *
889 1271 53 27 Only
948 1273 87 27 through
1037 1267 11 40 a
1062 1274 66 26 policy
1134 1273 22 21 of
1162 1274 111 22 relentless
1280 1280 102 20 pressure
1389 1281 28 16 on
1425 1277 94 20 Castro's
1526 1277 79 26 regime

875 1310 40 15 can
921 1310 34 15 we
962 1306 79 24 protect
1048 1305 48 21 U.S.
1105 1305 104 24 interests,
1217 1309 83 22 prompt
1306 1308 114 21 economic
1427 1309 42 20 and
1477 1309 129 20 democratic

875 1336 86 24 political
970 1336 76 22 reform
1055 1337 18 20 in
1082 1337 69 23 Cuba,
1160 1340 43 20 and
1212 1339 49 24 help
1270 1340 36 20 the
1315 1339 78 22 Cuban
1403 1340 85 25 people.
1498 1340 45 21 The
1551 1340 54 21 Dole

874 1369 165 22 administration
1047 1370 36 20 will
1093 1370 100 22 continue
1202 1372 21 20 to
1233 1371 100 21 maintain
1343 1377 28 15 an
1381 1372 106 26 embargo
1496 1378 28 15 on
1534 1372 69 24 Cuba,

874 1402 47 20 until
930 1402 36 21 the
975 1402 77 21 Cuban
1062 1402 79 26 people
1149 1408 38 15 are
1196 1402 45 22 free
1250 1403 53 21 from
1312 1403 144 26 dictatorship.

1111 1471 24 25 A
1146 1471 88 26 Better
1240 1472 122 26 America

874 1545 43 21 The
926 1545 42 21 end
977 1545 22 21 of
1006 1545 36 21 the
1050 1545 53 21 Cold
1111 1545 48 21 War
1166 1545 75 22 closes
1249 1551 44 16 one
1302 1548 90 23 chapter
1400 1552 18 14 in
1427 1552 38 16 our
1474 1548 77 25 history
1559 1548 42 20 and

874 1579 100 22 presents
985 1583 26 15 us
1021 1577 46 21 with
1078 1583 48 15 new
1136 1578 127 26 challenges
1273 1580 22 19 to
1305 1580 136 20 consolidate
1451 1580 97 20 freedom
1559 1581 43 19 and

875 1609 47 21 U.S.
937 1609 99 21 interests
1048 1609 82 22 around
1143 1609 36 22 the
1191 1610 69 21 world.
1276 1610 19 20 In
1309 1610 48 21 also
1370 1610 110 22 confronts
1493 1616 38 16 our
1543 1613 60 24 great

874 1643 69 19 Nation
952 1641 45 21 with
1005 1646 48 16 new
1059 1641 102 27 dangers.
1169 1641 110 21 Terrorism
1287 1642 18 20 is
1312 1648 29 15 on
1348 1644 37 19 the
1393 1643 48 22 rise,
1451 1644 49 19 both
1508 1644 21 19 at
1537 1644 64 20 home

874 1673 41 21 and
927 1673 88 21 abroad.
1027 1673 97 21 America
1137 1676 57 18 must
1206 1674 56 21 have
1274 1679 13 16 a
1301 1675 75 21 leader
1386 1676 49 20 who
1448 1677 35 19 not
1495 1676 48 24 only
1554 1676 48 20 acts

874 1705 113 26 decisively
995 1707 21 18 to
1025 1706 88 24 prevent
1120 1707 68 21 terror,
1198 1705 36 21 but
1241 1708 49 19 acts
1299 1707 72 25 swiftly
1379 1707 22 20 to
1409 1707 56 20 seek
1473 1707 42 20 and
1525 1708 76 22 punish

874 1737 147 25 perpetrators.
1031 1736 108 22 Terrorists
1148 1739 42 19 and
1199 1739 64 20 those
1271 1739 49 20 who
1330 1739 89 25 support
1427 1739 58 20 them
1495 1740 56 19 must
1559 1743 42 21 pay

873 1773 12 15 a
900 1768 48 26 high
962 1769 55 24 price
1030 1768 32 21 for
1073 1770 52 20 their
1137 1769 39 21 evil
1189 1770 78 20 deeds.
1280 1770 31 20 As
1323 1776 34 14 we
1371 1776 64 14 move
1450 1770 40 20 into
1503 1770 37 20 the
1553 1771 50 20 next

873 1802 90 23 century,
972 1805 33 16 we
1014 1801 57 20 must
1079 1801 57 23 keep
1145 1801 18 19 in
1174 1801 54 20 mind
1238 1801 45 21 that
1289 1801 99 21 America
1397 1802 42 19 has
1448 1807 80 19 proven
1537 1801 43 21 that
1588 1801 13 20 it

873 1836 41 16 can
923 1832 59 20 meet
989 1833 36 20 the
1033 1832 97 25 greatest
1137 1832 23 21 of
1166 1832 128 27 challenges
1303 1833 43 20 and
1356 1838 97 19 conquer
1460 1833 36 19 the
1505 1835 96 24 greatest

873 1862 22 22 of
902 1864 87 20 threats.

537 2027 101 18 Autnor:zed
643 2027 36 18 and
682 2027 42 22 paid
728 2027 25 22 for
760 2030 18 21 a
785 2029 96 23 DolerKemp
896 2031 24 17 96,
930 2030 56 18 Kober:
993 2029 93 24 Lighthizer,
1097 2031 79 17 lrcasurer

347 2056 35 15 810
390 2054 40 17 Ernst
437 2054 53 19 Street,
499 2054 86 18 Northeas:
593 2060 7 6 *
607 2056 44 17 Suite
657 2056 37 17 300
701 2061 6 6 *
715 2056 99 23 Masn-rgton,
828 2056 32 19 IC
866 2058 59 17 20002
934 2063 6 5 *
948 2057 50 18 (202)
1005 2057 92 18 414-6400
1104 2063 7 6 *
1119 2057 248 23 herp:/iwww.dalckemp96.org
