1684 2203
1366 173 34 9 2a:

344 245 118 58 somplextt
456 274 19 22 ty
485 268 25 23 of
519 275 36 16 our
565 275 33 18 :ax
604 249 37 55 peat
654 279 33 17 a
697 267 76 36 wastes
779 248 88 56 siltions
876 272 36 23 of
907 272 62 23 hours
979 272 20 23 in
1008 242 132 60 eer
1148 242 43 55 par
1197 273 63 26 efort
1249 247 46 53 oe
1338 256 61 44 ea
1408 276 27 24 or

291 310 165 22 all--convinces
467 313 61 21 many
540 308 124 26 Americans
675 311 41 22 that
727 311 33 22 -he
770 314 32 18 tax
812 315 77 23 system
900 310 34 23 nas
944 308 52 24 been
1005 308 97 31 hijacked
1111 309 39 28 by
1153 316 87 24 iawvers,
1250 319 147 21 accountants,

291 351 40 18 ana
341 346 80 28 special
433 346 101 22 interests.
544 346 71 22 which
625 347 14 22 it
648 347 43 23 has.

382 418 43 23 The
432 415 90 27 Clinton
531 419 177 24 Admunistration
718 419 16 24 is
743 423 84 18 content
836 418 50 23 with
894 419 33 23 the
934 423 67 18 starus
1009 424 43 22 quo
1061 419 40 23 and
1108 419 37 24 has
1154 427 27 17 no
1191 421 103 25 intention
1303 423 27 24 of

292 457 105 26 seriousiy
408 455 115 29 reformung
534 456 32 23 the
576 460 81 19 current
666 460 33 19 tax
710 460 84 24 system.
811 453 101 29 Treasury
920 452 106 30 Secretary
1036 453 76 26 Robert
1120 455 69 25 Rubin
1198 458 93 29 recently
1301 459 45 25 told
1355 461 35 24 the

294 490 53 24 Wall
354 490 71 24 Street
432 491 98 24 Journal:
547 490 101 25 “There's
657 491 88 30 nothing
755 492 20 23 in
783 490 34 24 the
826 489 70 31 public
904 488 85 25 domain
996 495 35 17 we
1038 488 53 26 have
1099 490 66 26 found
1174 494 63 23 that’s
1246 494 67 25 terer
1321 496 50 24 than

292 529 57 21 what
357 533 33 17 we
400 528 75 23 have.”
483 527 93 29 (6/7/96)
594 528 125 29 Obviously,
729 534 13 17 a
750 526 78 25 second
836 526 86 24 Clinton
929 531 51 19 term
988 526 104 29 promises
1100 534 26 17 no
1135 529 64 24 relief
1204 529 34 25 for
1245 535 112 25 taxpayers
1367 535 41 22 and

293 570 27 17 no
330 563 163 30 simplification
502 564 27 23 of
535 566 33 21 the
577 570 35 17 tax
620 565 60 23 code.

383 636 91 26 Senator
482 637 55 25 Dole
545 638 94 25 believes
648 638 43 24 that
699 636 101 30 restoring
808 635 99 26 America
914 640 20 20 to
943 636 25 25 its
977 634 38 26 full
1025 636 109 26 economic
1142 638 101 30 potential
1251 640 95 30 requires
1355 647 14 18 a

296 674 146 25 fundamental
451 675 99 23 overhaul
560 674 27 24 of
592 675 34 23 the
634 679 34 20 tax
677 679 86 24 system.
787 672 31 25 He
827 671 43 26 will
879 671 66 31 repeal
954 672 34 23 the
996 678 81 19 current
1085 677 33 20 tax
1126 673 54 25 code
1188 675 42 24 and
1238 676 84 31 replace
1331 677 16 23 it
1355 678 53 23 with
1416 685 13 16 a

295 718 49 16 new
352 717 82 22 system
443 712 49 23 that:

388 784 16 22 1.
430 783 71 24 Treats
510 784 27 23 all
547 783 124 25 Americans
680 782 61 30 fairly
750 781 26 29 by
784 780 78 30 ending
870 779 172 30 special-interest
1050 780 108 32 loopholes
1167 783 42 23 and
1217 783 72 31 taxing
1299 784 85 25 income
1393 790 21 19 at

431 820 65 23 lower
504 824 59 19 rates.

385 891 19 24 2.
431 891 19 25 Is
460 891 75 30 simgple
544 891 231 30 enough
636 883 22 42 so
668 883 46 42 that
727 883 50 42 most
790 883 109 42 Americans
913 883 32 42 can
955 883 39 42 file
1004 883 53 42 their
1067 883 56 42 taxes
1133 896 22 18 on
1166 897 10 17 a
1186 883 46 42 form
1250 892 34 23 the
1293 892 45 24 size
1347 893 45 23 of
1385 883 11 42 a

427 920 96 41 posteard
536 934 21 18 or
567 920 35 41 not
611 920 41 41 have
669 932 22 18 to
700 920 42 41 file
755 933 7 17 a
772 920 59 41 return
840 920 21 41 at
871 920 38 41 all.

388 999 10 25 rey

432 999 151 31 Substantially
592 1000 86 24 reduces
686 1006 24 18 or
718 998 117 25 eliminates
843 997 34 25 the
885 997 43 24 bias
936 996 81 31 against
1024 997 84 30 savings
1116 998 41 25 and
1165 998 133 26 investment.

388 1073 19 21 4.
434 1072 98 25 Relieves
540 1072 35 25 the
584 1077 34 20 tax
626 1072 80 25 burden
713 1078 29 18 on
750 1070 93 30 working
851 1069 120 24 Americans
979 1069 27 28 by
1015 1068 97 32 allowing
1122 1069 31 25 for
1162 1072 34 22 the
1204 1070 147 31 deductibility
1360 1072 27 24 of

434 1110 34 22 the
476 1109 81 29 payroll
567 1114 40 18 tax.

392 1179 17 24 $.
436 1179 91 25 Protects
536 1179 65 25 social
611 1179 95 29 security.

393 1251 19 23 6.
439 1250 100 30 Requires
547 1257 12 16 a
567 1249 159 30 supermajority
734 1249 26 24 of
765 1249 49 24 both
822 1248 106 24 chambers
935 1246 25 24 of
965 1245 105 31 Congress
1077 1252 20 18 to
1106 1247 53 23 raise
1167 1247 84 24 income
1259 1253 35 19 tax
1302 1248 62 24 rates.

394 1320 51 25 This
454 1328 46 17 new
510 1327 33 17 cax
552 1326 85 24 system.
646 1321 69 22 which
724 1319 17 24 is
750 1320 69 23 lower.
829 1317 71 25 flatter,
908 1316 64 25 fairer.
980 1317 86 29 simpler
1073 1317 39 23 and
1120 1323 58 18 more
1187 1318 198 29 savings-oriented.

306 1357 44 23 will
360 1357 88 28 provide
458 1357 120 24 immediate
586 1361 34 19 tax
628 1356 63 25 relief
696 1361 21 19 to
725 1361 62 23 every
796 1359 95 24 taxpayer
898 1353 38 24 and
943 1353 104 23 stimulate
1054 1353 108 23 economic
1171 1354 81 27 growth
1260 1359 55 17 now.

414 1428 74 20 NDIN:
778 1425 54 20 iow

397 1501 32 20 As
438 1499 35 22 the
480 1504 34 17 tax
522 1498 54 23 code
584 1499 38 23 has
630 1504 72 23 grown
711 1503 57 18 more
775 1496 95 29 complex
879 1495 38 23 and
924 1493 185 30 loophole-ridden.
1117 1493 33 24 the
1159 1493 88 24 Internal
1257 1493 101 24 Revenue

310 1533 86 24 Service
405 1533 38 23 has
453 1539 72 23 grown
534 1539 58 17 more
600 1533 119 29 aggressive
727 1532 40 23 and
775 1537 56 18 more
839 1530 138 23 burdensome.
993 1527 45 25 The
1046 1528 40 24 IRS
1096 1529 61 28 today
1165 1529 38 38 has
1212 1534 58 18 more
1279 1527 145 25 enforcement

312 1574 72 22 agents
394 1568 50 23 than
453 1568 33 23 the
495 1568 60 24 EPA,
563 1567 84 24 OSHA.
656 1567 62 23 FDA.
727 1567 40 23 and
775 1567 33 22 the
816 1560 60 48 Drug
881 1559 144 48 Enforcement
1025 1557 89 38 Agency
1122 1553 119 54 combined.
1257 1569 66 18 (Source:
1335 1569 63 34 Steppe

313 1599 49 37 Moure
370 1599 13 37 et
392 1599 16 37 al,
416 1610 29 14 “Ax
457 1599 19 37 he
484 1599 39 37 Ta.”
537 1599 65 37 Nusignal
611 1599 53 37 Review
675 1599 38 37 April
725 1609 17 15 7.
751 1608 46 16 1999.
1176 1594 33 37 svi
1415 1596 5 6 4

310 1627 39 42 the
362 1627 46 42 FSL,
424 1643 66 17 (suurce:
502 1627 50 42 Report
558 1627 15 42 of
579 1627 25 42 the
611 1627 67 42 National
688 1627 88 42 Commission
782 1627 18 42 va
807 1627 70 42 Econome
887 1627 39 42 Gor
947 1627 21 42 aw
978 1627 25 42 Tax
1013 1627 64 42 Reform
1088 1631 43 25 The
1139 1632 123 24 instruction
1271 1631 88 25 booklet
1367 1631 33 24 for

315 1672 33 22 the
358 1670 33 24 EZ
402 1671 54 23 form
466 1671 17 23 is
492 1671 23 23 31
527 1676 64 24 pages
600 1670 55 30 long.
670 1670 118 30 Taxpayers
796 1669 63 30 spend
867 1667 53 24 $199
928 1666 72 24 billion
1008 1666 40 23 and
1055 1666 13 23 6
1076 1666 73 23 billion
1158 1667 122 22 man-hours
1288 1666 53 22 each
1349 1672 51 21 year

316 1711 20 17 to
345 1705 86 28 comply
441 1705 51 23 with
500 1705 34 22 the
542 1711 34 17 tax
584 1705 59 23 code.
659 1712 63 16 (suurss:
733 1711 36 16 fois
777 1701 72 37 Economic
860 1701 88 37 Cumminner
