1684 2187
528 181 67 22 @TINZ
608 185 17 14 :o
640 187 48 14 save
699 185 9 14 a
720 183 29 15 AN
762 180 76 20 SyMeM
850 179 65 19 whats
927 183 21 15 so
961 177 134 25 sompucates
1106 177 41 17 Mat
1158 174 23 23 28
1192 183 79 17 min
1283 183 119 23 caxpayess.

290 247 85 15 Tomemces
384 248 16 10 an
410 244 75 15 Tarstcn

379 306 185 32 Camprenensive
576 312 33 19 tax
619 307 147 26 ceform--with
775 307 99 24 dramatic
883 306 158 31 simplification
1050 305 39 25 and
1097 312 13 18 @
1117 311 95 25 postcard
1221 316 68 19 return
1299 310 34 24 for
1341 317 57 19 most

291 346 97 24 Flers--is
398 344 79 29 c.early
488 345 34 22 the
532 349 56 19 most
598 345 99 25 eective
706 352 44 22 way
761 349 19 18 to
790 344 41 23 end
840 344 33 25 the
882 345 87 24 abusive
978 350 69 23 power
1055 341 25 26 of
1086 343 33 25 the
1128 342 47 29 IRS.
1193 346 65 26 There
1267 354 35 18 are
1310 349 61 24 other

390 383 71 31 wruch
471 382 64 23 could
546 382 25 23 be
581 384 62 22 taken
653 390 21 17 as
684 384 52 23 weil,
848 381 46 5 inati
1081 379 3 5 i

350 422 70 21 pine
412 418 45 38 Sem
464 425 36 17 ser
595 421 38 13 bur

385 503 15 13 1.
427 492 108 24 Establish
543 498 12 17 a
564 498 103 23 one-year
674 498 32 18 tax
715 496 94 23 amnesty
819 489 72 31 period
899 496 23 18 as
931 495 44 24 part
983 488 25 25 of
1013 495 12 17 a
1033 491 105 25 transition
1147 497 20 19 to
1175 499 13 17 a
1195 499 48 17 new
1251 497 33 19 tax
1294 499 87 23 system.

428 529 131 23 Individuals
569 529 73 24 would
650 529 26 23 be
685 528 107 30 permitted
801 532 19 18 to
830 532 40 25 pay
879 526 54 24 back
942 531 57 18 taxes
1007 525 84 25 without
1099 527 82 30 penalty
1190 534 24 18 or
1222 528 85 25 interest
1314 530 96 30 charges.

382 601 20 24 2.
428 601 56 25 Shi&
493 603 35 22 the
537 602 81 23 burden
627 601 25 24 of
659 600 62 31 proof
727 600 20 23 in
756 598 42 26 [RS
808 598 68 25 audits
885 597 54 26 from
947 599 35 23 the
990 597 111 26 individual
1109 604 22 20 to
1140 601 34 23 the
1182 600 78 25 federal
1269 607 147 24 government

428 639 127 23 Americans
564 638 49 24 who
623 643 33 19 are
665 636 83 25 audited
755 642 34 19 are
797 635 104 29 currently
908 633 110 31 presumed
1025 634 65 30 guilty
1098 635 51 24 until
1158 636 48 30 they
1215 642 64 25 prove
1288 638 131 24 themselves

429 675 107 23 innocent.
553 673 51 25 This
614 674 75 25 should
697 673 25 25 be
731 671 102 26 reversed.

385 747 10 24 uw

430 746 46 26 End
486 746 102 30 life-style
597 746 69 25 audits
674 747 82 28 (except
765 744 21 24 in
793 749 60 19 cases
861 742 69 25 where
939 742 55 25 there
1001 742 18 25 is
1027 743 54 24 clear
1087 744 102 25 evidence
1195 744 28 26 of
1227 746 97 24 criminal

430 784 103 29 activity).
551 786 20 22 A
581 781 102 31 life-style
690 783 56 24 audit
754 782 17 24 is
780 781 34 24 the
822 780 89 30 practice
920 780 95 28 whereby
1024 780 32 24 the
1063 779 43 26 IRS
1115 782 91 29 requires
1215 787 110 25 taxpayers
1334 788 21 19 to

430 821 116 24 document
554 820 54 24 their
616 820 54 28 style
679 818 24 25 of
708 819 65 29 living
782 818 21 24 in
810 817 80 24 minute
898 816 61 24 detail
969 821 20 19 to
997 816 110 24 determine
1116 818 92 24 whether
1214 818 54 24 their
1275 820 98 29 reported

432 858 85 23 income
526 857 17 24 is
553 855 110 25 sufficient
670 861 21 18 to
699 859 84 26 support
792 855 42 22 that
842 852 97 30 lifestyle.
955 851 70 25 Under
1032 852 39 24 this
1079 858 48 26 type
1135 853 27 24 of
1165 854 64 26 audit,
1238 860 110 25 taxpayers
1357 862 40 18 can

431 894 27 22 de
467 893 128 29 questioned
602 893 64 23 about
674 897 12 18 a
694 891 52 24 wide
755 896 62 24 range
825 889 27 24 of
856 889 95 29 personal
959 888 163 29 subjects—from
1129 890 48 23 how
1186 890 59 24 often
1253 891 48 28 they
1310 898 27 23 go
1347 898 37 17 out
1393 898 20 17 :o

431 928 82 24 dinnes.
523 934 20 18 to
553 929 70 22 where
633 929 46 27 they
689 932 57 24 spent
754 925 52 25 their
813 931 93 18 summer
912 925 101 24 vacation,
1022 929 20 18 to
1051 925 68 24 which
1126 926 74 24 school
1209 926 52 24 their
1269 927 95 24 children

428 960 87 37 arend,
956 966 3 2 d

389 1037 19 21 4.
433 1034 114 25 Eliminate
556 1035 44 25 IRS
610 1034 61 31 filing
681 1033 31 25 for
718 1033 27 25 40
754 1032 82 26 million
844 1032 51 24 low-
903 1031 40 24 and
951 1029 168 27 middle-income
1126 1036 115 25 taxpayers.
1250 1032 120 30 Taxpayers

434 1072 52 23 with
495 1073 49 26 only
555 1077 60 23 wage
624 1073 82 22 income
714 1069 40 25 and
762 1069 41 24 less
811 1069 48 23 than
867 1066 55 26 $250
931 1067 22 24 in
961 1067 120 24 investment
1089 1066 82 25 income
1180 1068 70 24 would
1258 1075 27 17 no
1295 1069 74 29 longer
1378 1069 26 22 be

435 1108 97 28 required
541 1112 20 18 to
572 1106 36 24 file
618 1113 12 17 a
637 1112 34 18 tax
679 1111 72 19 retum.
767 1104 34 25 All
810 1103 26 25 of
841 1103 52 24 their
900 1107 56 19 taxes
965 1102 68 23 would
1040 1102 26 24 be
1073 1102 102 25 collected
1184 1103 87 29 through

436 1144 147 28 withholding.

393 1215 18 22 5.
437 1213 57 25 Shi&
503 1213 42 25 [RS
556 1213 111 31 personnel
676 1212 38 25 and
721 1208 106 29 resources
836 1216 20 19 to
865 1210 33 24 the
907 1208 102 26 front-end
1016 1207 26 26 of
1047 1208 32 24 the
1087 1214 33 19 tax
1130 1208 59 32 filing
1197 1215 85 24 process
1290 1210 68 24 rather
1367 1210 48 24 chan

438 1250 34 24 the
482 1250 112 24 back-end.
611 1250 42 24 [RS
663 1249 119 29 employees
790 1247 74 28 should
872 1246 26 24 be
905 1244 107 26 dedicaced
1019 1250 20 18 to
1047 1244 83 31 helping
1139 1245 110 24 American
1258 1252 110 24 taxpayers
1377 1245 37 24 ‘lie

439 1287 53 24 their
501 1292 79 18 returns
588 1286 107 29 correctly,
704 1290 35 18 not
746 1284 76 30 simply
830 1283 85 29 waiting
923 1280 49 24 unc
981 1280 46 29 they
1035 1280 59 25 make
1101 1287 13 17 a
1121 1281 87 24 mistake
1216 1281 41 24 and
1265 1281 49 24 then

440 1323 107 29 pouncing
556 1328 28 17 on
592 1322 58 23 them
658 1321 49 23 with
715 1326 24 18 an
747 1320 62 24 audit.
825 1318 43 25 The
877 1316 41 25 [RS
927 1316 74 24 should
1008 1317 25 23 be
1040 1323 27 17 on
1074 1317 34 23 the
1116 1317 45 23 side
1168 1317 26 24 of
1199 1317 34 24 the
1241 1322 119 24 taxpayer—

440 1358 87 30 helping
536 1357 128 24 individuais
672 1356 82 30 comply
762 1356 49 22 with
820 1355 34 23 the
862 1355 46 23 law,
916 1348 30 44 not
956 1348 45 44 just
1005 1352 108 30 punishing
1121 1353 56 23 ther
1186 1352 32 24 for
1226 1353 61 29 being
1296 1353 78 22 unable
1383 1359 20 16 to

441 1393 69 29 Higure
518 1398 35 18 out
562 1400 28 16 an
598 1391 199 31 incomprehensible
806 1395 33 18 tax
847 1394 83 23 system.

303 1454 91 52 i__
398 1454 170 52 EDUCATION
584 1454 57 52 AND
658 1454 48 52 JOB
723 1454 135 52 TRAINING
874 1454 118 52 REFORM

400 1536 31 21 As
440 1539 33 17 we
481 1539 59 17 enter
547 1540 12 16 a
568 1539 47 17 new
623 1538 89 22 century.
721 1532 14 23 it
744 1532 16 23 is
769 1530 88 24 obvious
866 1529 41 23 that
915 1529 33 22 the
955 1527 144 29 opportunities
1107 1526 26 23 of
1138 1532 112 18 tomorrow
1257 1527 43 22 will
1310 1528 27 22 be

312 1569 84 22 created
405 1569 21 21 in
435 1568 120 23 America’s
563 1568 127 22 classrooms
698 1568 40 22 and
744 1566 82 23 science
835 1564 50 23 labs.
901 1561 110 25 Education
1019 1562 17 23 is
1044 1562 32 22 the
1083 1562 68 28 single
1159 1567 87 23 greacest
1254 1561 58 23 force
1322 1561 33 23 for

314 1603 120 29 improving
444 1602 135 30 opportunity
589 1602 55 24 from
651 1607 40 19 one
698 1606 116 25 generation
823 1604 19 19 to
852 1599 33 23 the
893 1602 52 19 next.
960 1596 43 24 The
1010 1597 58 22 value
1075 1595 26 24 of
1106 1597 116 23 education.
1231 1596 95 29 training,
1336 1596 42 23 and

314 1639 60 21 other
382 1639 79 21 human
470 1638 75 27 capital
556 1638 16 22 is
581 1643 28 16 no
619 1637 41 23 less
669 1638 106 27 important
784 1636 46 21 than
838 1635 41 22 chat
887 1632 25 23 of
917 1632 102 23 machines
1027 1632 39 22 and
1073 1632 57 22 other
1137 1630 94 29 physical
1239 1631 83 27 capital.
