1689 2192
780 182 96 18 sCSopies
888 184 30 15 “ne
929 184 72 15 ACCIN
1012 182 40 19 ‘Nat
1062 185 62 23 paloy
1134 188 79 22 FSM.
1224 190 16 16 ws
1250 190 33 18 he
1295 193 44 17 sest
1353 194 28 15 we
1393 193 39 16 con

852 220 11 15 a
873 220 44 15 new
928 220 34 16 era
973 219 19 17 ot
1003 217 124 23 Sirmuniseed
1137 224 189 23 Sxpeccations--an
1337 230 34 17 era
1381 230 63 16 wren

605 253 51 17 sven
667 254 67 17 maten
746 254 32 17 ine
788 255 97 23 sregress
895 249 24 24 of
926 251 34 22 the
969 256 51 22 ast.
1031 255 60 21 much
1101 254 39 23 ‘ess
1150 261 96 24 compete
1256 260 49 22 with
1316 261 33 22 the
1360 266 57 18 most

392 353 48 24 The
452 356 85 23 central
548 356 66 24 thesis
625 359 25 23 of
657 360 35 23 the
702 358 54 25 Dole
766 361 86 30 growth
863 361 86 30 agenda
959 361 17 24 is
987 361 47 24 that
1043 364 100 25 America
1152 372 41 19 can
1202 368 29 24 do
1241 369 79 25 better.
1337 372 49 25 The

302 398 61 22 story
376 392 23 23 of
408 394 105 22 America
525 395 38 23 bas
575 395 56 24 been
640 397 87 24 written
737 397 28 28 by
777 397 61 24 those
848 399 49 23 who
907 398 56 25 bave
972 404 32 18 set
1013 400 44 23 30d
1066 401 103 26 achieved
1179 407 121 24 ambitious
1309 411 71 28 goals,
1390 415 40 19 not

303 428 62 23 those
377 430 49 22 who
439 430 85 27 impose
535 431 104 23 artificial
650 433 65 23 limits
725 439 29 17 on
764 434 207 29 accomplishment.

391 500 45 24 The
446 502 53 22 truth
510 503 24 23 is,
543 503 84 24 anemic
636 508 52 19 rates
697 503 26 24 of
729 505 81 29 growth
818 505 41 23 and
868 505 96 30 stdgnant
972 512 70 24 wages
1051 513 32 18 are
1090 510 50 29 Only
1149 511 113 26 inevitable
1271 513 20 25 if
1296 521 33 17 we
1338 518 102 24 continue

301 542 20 18 to
333 535 76 25 follow
420 537 42 24 Bill
472 537 108 26 Clinton's
588 540 111 24 economic
708 541 137 29 prescription
854 540 27 25 of
885 540 74 31 higher
967 547 64 19 taxes.
1041 549 12 18 a
1059 544 75 26 refusal
1143 551 20 20 to
1172 547 88 26 balance
1269 550 34 24 the
1312 551 87 32 budger.

301 575 41 21 and
352 575 35 22 the
396 576 181 28 over-regulation
586 575 26 24 of
618 577 34 23 the
660 581 110 26 economy.
788 576 48 25 The
845 577 54 24 total
907 582 38 20 tax
954 578 88 25 burden
1051 580 17 24 is
1076 581 36 24 the
1120 583 88 30 highest
1216 586 22 23 in
1248 586 49 25 U.S.
1308 584 95 40 history.

302 608 94 27 Federal,
406 616 60 21 state,
477 612 39 24 and
526 611 54 25 local
590 616 58 21 taxes
657 613 116 24 consumed
782 619 12 18 a
801 613 73 25 record
883 613 73 26 31.3%
964 613 27 26 of
995 613 56 27 GDP
1060 617 38 25 lase
1104 624 55 23 year.
1176 622 28 21 At
1212 622 34 23 the
1254 622 43 25 end
1305 623 24 24 of
1337 623 76 26 World

302 646 49 25 War
360 646 24 26 1,
395 653 60 19 taxes
464 649 118 24 consumed
590 650 50 28 only
649 649 52 25 25%
709 649 26 25 of
741 649 62 25 GDP.
828 649 44 25 The
880 648 78 27 federal
967 656 33 19 tax
1009 652 77 25 burden
1093 654 61 25 alone
1162 662 48 18 rose
1219 656 55 26 from
1285 659 74 25 19.2%
1367 660 28 24 of

302 683 56 25 GDP
369 685 22 24 in
403 684 55 25 1992
469 691 19 18 to
497 685 74 25 20.5%
581 687 68 29 today.
666 693 64 19 (source:
745 679 66 41 Neuonel
817 679 49 41 Censor
872 679 21 41 ‘br
899 679 49 41 Polley
953 692 78 22 Anatysis)
1043 684 42 42 The
1099 684 84 42 average
1193 693 179 28 middle-income

303 720 74 31 family
387 722 80 29 spends
477 728 57 19 more
543 722 27 25 of
576 723 26 24 its
611 723 77 30 budget
696 728 20 19 to
726 729 41 24 pay
775 728 58 19 taxes
841 723 49 24 than
898 723 15 24 it
920 724 53 24 does
981 730 28 18 on
1017 724 56 29 food,
1082 727 99 32 clothing,
1190 730 40 25 and
1238 731 80 25 shelcer

301 758 124 24 Combined.
441 765 66 18 (Source:
519 766 38 16 Join
566 754 79 39 Cconsmie
654 754 89 39 Commie)

392 829 32 29 By
434 836 41 23 any
484 831 107 24 historical
601 838 93 17 measure
703 831 26 24 of
734 832 111 24 economic
854 833 86 29 growth.
949 834 116 24 America’s
1073 841 104 25 economy
1185 838 18 24 is
1212 839 93 31 lagging.

302 864 118 25 Economic
431 867 81 28 growth
521 867 66 24 under
595 867 42 24 Bill
646 867 86 24 Clinton
740 867 37 25 has
786 867 102 30 averaged
896 867 58 25 2.4%
962 875 36 23 per
1005 875 53 23 year.
1073 869 72 27 That’s
1154 874 77 24 slower
1238 875 49 25 than
1296 877 63 24 when
1368 878 26 23 he

301 906 44 18 was
354 902 84 23 elected
448 902 21 23 in
481 903 52 24 1992
543 903 87 28 (3.7%),
639 904 76 23 slower
723 904 49 24 than
779 904 34 24 the
822 904 64 23 entire
893 904 79 24 decade
979 904 27 25 of
1010 905 34 25 the
1055 906 62 25 1980s
1125 908 85 30 (3.2%);
1219 911 78 24 slower
1305 913 50 24 than
1364 914 35 23 the

302 937 39 23 last
351 936 44 25 five
404 939 129 27 expansions
543 940 86 27 (4.4%);
639 940 40 23 and
687 940 76 23 slower
771 940 48 23 than
827 939 55 25 what
890 940 69 24 we've
966 943 100 28 averaged
1074 949 51 18 over
1131 950 38 19 our
1177 946 65 24 entire
1245 941 138 41 post-World

303 971 48 25 War
361 971 15 25 LU
386 972 84 31 history
478 975 85 28 (3.5%).
580 981 64 19 (Sourwe:
656 967 38 43 Joint
703 967 77 43 Economie
789 967 84 43 Comminen)

392 1045 144 31 Productivity
546 1048 134 30 growth—the
689 1055 74 17 source
772 1047 25 25 of
802 1048 64 31 rising
875 1048 149 25 incomes—has
1032 1050 51 25 been
1090 1057 34 18 cut
1133 1051 20 25 in
1158 1049 48 41 half
1216 1049 69 41 during
1296 1056 36 25 the
1341 1056 89 26 Clinton

303 1081 135 31 Presidency,
450 1082 73 32 failing
533 1083 55 26 from
598 1084 57 25 1.2%
664 1091 35 23 per
707 1091 49 23 year
765 1084 52 26 from
829 1084 52 25 1980
890 1090 19 19 to
921 1084 52 26 1992
982 1090 21 19 to
1011 1086 49 30 only
1067 1087 58 25 0.6%
1133 1088 55 26 from
1199 1090 52 25 1993
1261 1096 21 19 to
1295 1091 61 25 1995.

303 1124 65 18 ‘Swerve:
382 1125 37 17 (996
427 1126 79 17 Szonemie
513 1126 102 20 Report
572 1116 16 45 of
595 1116 19 45 the
625 1116 68 45 President
700 1116 23 45 and
730 1116 23 45 the
764 1116 30 45 U.S.
805 1116 83 45 Coperenent
899 1116 12 45 of
921 1116 57 45 Lasers,
989 1116 34 45 The
1034 1116 45 45 hard
1090 1124 71 29 reality
1169 1125 23 24 of
1200 1125 53 24 slow
1262 1127 144 30 productivity

304 1155 82 28 growth
395 1155 17 24 is
422 1160 97 25 stagnant
527 1162 72 24 wages
608 1157 40 23 and
657 1156 94 25 incomes
759 1157 42 24 that
809 1163 34 18 are
850 1157 112 30 squeezing
970 1158 92 30 working
1069 1161 128 25 Americans.
1221 1161 44 25 The
1273 1169 91 25 average
1372 1164 43 23 real

304 1197 141 24 pay~wages.
455 1192 92 24 salaries.
557 1194 40 23 and
608 1192 65 31 fringe
681 1192 136 26 benefics--of
823 1193 91 30 working
921 1194 123 25 Americans
1051 1195 36 24 has
1094 1198 106 28 stagnated
1209 1199 66 23 under
1283 1199 43 24 Bill

304 1226 93 24 Clinton.
415 1227 52 24 This
477 1229 16 23 is
503 1229 33 22 the
547 1228 44 24 first
600 1229 72 30 period
680 1229 25 24 of
711 1230 114 30 expansion
834 1230 20 23 in
864 1229 47 24 U.S.
919 1230 77 28 history
1005 1231 58 23 when
1071 1232 98 24 workers"
1179 1240 39 22 pay
1227 1234 38 24 has
1274 1241 37 17 not
1319 1236 62 26 riser,

305 1297 157 30 SUMMARY

393 1366 48 24 One
450 1366 27 26 of
482 1367 34 25 the
525 1369 77 23 central
612 1369 58 29 goals
678 1368 26 25 of
710 1368 46 25 Bob
765 1368 73 26 Dole's
848 1368 120 29 Presidency
977 1368 41 24 will
1027 1369 25 24 be
1060 1375 19 19 to
1088 1372 111 23 stimulate
1208 1378 89 23 greater
1306 1375 116 22 economic

305 1402 94 29 growth.
417 1402 44 24 The
472 1405 46 28 goal
529 1404 17 23 is
556 1409 35 19 not
597 1405 44 28 just
649 1410 20 18 to
678 1410 76 19 restore
762 1404 98 25 America
866 1410 20 17 to
895 1404 25 24 its
928 1403 128 31 pre-Clinton
1064 1410 52 20 rates
1123 1406 26 24 of
1154 1408 110 24 economic
1273 1409 90 29 growth.
1372 1409 37 23 but

305 1443 20 18 tO
335 1438 88 23 achieve
433 1445 27 17 an
469 1445 52 17 even
530 1445 59 18 more
597 1439 112 25 ambitious
718 1440 79 30 growth
806 1439 47 30 path
861 1439 26 24 of
891 1439 57 24 3.5%
956 1446 23 17 or
986 1440 76 29 higher.
1070 1440 50 25 with
1127 1442 55 29 prics
1191 1443 99 29 stability.

395 1508 22 24 In
427 1497 55 38 sum,
491 1510 33 22 the
534 1510 33 23 six
575 1510 41 29 key
625 1510 67 29 points
700 1510 26 24 of
731 1510 47 25 Bob
787 1509 73 25 Dole’s
869 1509 131 25 Pro-Growth
1008 1509 48 25 Plan
1064 1510 32 25 for
1103 1511 117 25 America's
1229 1512 100 26 Families
1337 1520 42 18 are:

400 1580 15 20 Ie
493 1582 18 21 A
521 1580 112 23 Balanced
643 1581 85 30 Budget
736 1581 147 24 Amendment
892 1586 20 17 to
921 1581 36 22 the
965 1580 47 23 U.S.
1022 1581 153 25 Constitution.
1184 1589 20 17 to
1213 1590 75 17 ensure
1297 1585 44 23 that
1350 1586 34 23 the

493 1615 78 28 budget
580 1620 55 23 stays
644 1616 98 23 balanced
751 1616 51 24 after
809 1616 55 24 2002
872 1616 37 22 and
919 1615 120 29 throughout
1046 1617 34 22 the
1088 1623 46 17 next
1142 1623 85 22 century

865 1807 10 18 ry
