731 1828
37 84 30 25 7.
97 83 116 28 Hispanic
223 82 141 24 Americans
375 81 61 24 have
447 82 85 30 played
543 83 45 30 key
600 84 62 24 roles
674 85 25 23 in

35 119 153 30 Republican
203 118 226 29 administrations,
445 119 103 31 holding
562 120 59 30 high
636 121 62 25 level

34 156 119 29 positions
167 155 60 24 such
241 163 34 16 as:
291 155 127 30 Secretary
431 156 28 23 of
469 156 105 24 Interior
588 157 110 26 (Manuel

34 193 95 29 Lujan),
144 192 126 29 Secretary
283 192 27 23 of
321 192 134 23 Education
470 193 89 26 (Lauro
572 194 125 29 Cavazos),

34 229 68 29 Drug
110 229 61 24 Czar
181 228 99 26 (former
289 228 124 24 Governor
422 229 50 24 Bob
481 230 137 29 Martinez),
629 231 73 24 Chief

34 266 136 23 Economist
177 265 36 24 for
219 265 42 24 the
268 266 156 29 Department
431 266 27 23 of
460 266 119 31 Treasury
586 268 112 25 (Antonio

33 302 111 25 Villamil)
152 301 47 24 and
204 302 121 23 Assistant
332 302 123 30 Secretary
461 305 25 21 at
492 303 42 24 the
541 304 157 29 Department

34 339 36 23 for
80 339 110 28 Housing
198 338 48 23 and
255 338 84 23 Urban
349 339 174 29 Development
532 340 58 26 (Jim
599 341 91 26 Tarro).

33 409 32 25 8.
96 408 51 23 The
160 407 148 30 Republican
322 408 72 29 Party
406 417 50 16 was
469 409 42 24 the
525 410 55 24 first
592 410 105 29 political

33 447 72 27 party
118 447 26 21 to
159 445 103 29 appoint
276 444 119 30 Hispanic
409 453 96 16 women
519 448 25 21 to
559 446 46 30 key
619 447 78 30 policy

33 481 102 29 making
148 481 120 29 positions
282 481 61 23 such
357 489 27 16 as
398 481 135 24 Chairman
547 483 27 23 of
585 491 15 15 a
613 483 85 24 House

33 518 211 23 Subcommittee
262 518 235 29 (Representative
515 519 102 24 Illeana
634 520 62 24 Ros-

33 554 135 28 Lehtinen),
176 554 50 23 U.S.
235 554 107 29 Surgeon
350 554 102 24 General
461 555 114 25 (Antonia
581 556 115 29 Novello),

32 591 126 23 Assistant
172 590 128 30 Secretary
314 591 27 23 of
352 591 79 24 Labor
445 592 67 26 (Cari
526 592 170 30 Dominguez),

32 627 122 24 Assistant
162 627 125 29 Secretary
294 627 27 23 of
325 627 68 24 State
402 628 111 25 (Patricia
520 629 58 23 Diaz
587 629 108 29 Dennis),

31 664 123 23 Assistant
164 663 124 30 Secretary
297 664 27 23 of
330 664 103 24 Interior
443 665 84 25 (Stella
536 665 103 26 Guerra)
649 666 48 23 and

31 701 129 23 Assistant
175 700 131 29 Secretary
321 701 28 23 of
360 701 120 24 Veterans
494 702 93 24 Affairs
604 702 93 30 (Sylvia

32 736 188 30 Chavez-Long).

31 807 32 25 9.
94 806 125 24 President
225 807 66 23 Bush
297 807 144 24 established
447 808 42 24 the
496 808 157 24 Commission
660 809 36 24 for

32 843 138 23 Excellence
184 844 24 22 in
222 843 134 24 Education
370 844 36 23 for
420 845 115 29 Hispanic
548 845 146 24 Americans.

32 879 160 30 Republicans
202 879 50 25 also
263 883 65 20 want
338 883 24 21 to
373 881 52 29 give
435 883 99 27 parents
544 881 42 24 the
596 881 65 30 right
671 884 25 21 to

31 916 86 24 choose
126 916 77 24 which
212 917 79 23 school
300 917 64 23 their
371 917 108 24 children
487 918 47 23 will
543 918 91 24 attend.
651 918 44 24 Bill

32 953 119 24 Clinton’s
159 953 119 30 daughter
286 953 98 24 attends
388 949 11 38 a
415 954 92 29 private
516 954 87 29 school,
613 955 44 24 but
665 955 30 24 he

31 997 106 22 opposes
152 998 15 15 a
181 990 85 24 school
281 990 85 24 choice
381 990 59 30 plan
455 991 57 24 that
526 991 82 24 would
623 992 72 24 allow

31 1026 115 30 Hispanic
155 1027 127 23 American
292 1027 102 24 families
403 1027 42 24 the
454 1036 67 15 same
530 1029 89 29 option.

34 1097 46 24 10.
94 1096 160 30 Republicans
265 1098 123 28 recognize
399 1097 42 24 the
453 1098 119 24 sacrifices
584 1098 70 24 made
664 1098 31 30 by

31 1133 115 29 Hispanic
152 1134 126 23 American
286 1136 118 22 veterans.
412 1134 161 30 Thirty-eight
580 1135 115 29 Hispanic

29 1170 141 23 Americans
183 1169 60 24 have
255 1170 61 23 been
329 1170 114 24 accorded
456 1171 42 23 the
510 1171 184 29 Congressional

30 1203 78 27 Medal
116 1206 26 24 of
146 1207 85 27 Honor,
239 1207 48 24 this
295 1207 103 24 nation’s
405 1207 94 29 highest
505 1208 103 29 military
615 1208 78 24 honor.

30 1242 50 24 The
87 1243 145 29 Republican
239 1243 70 29 Party
316 1243 46 24 will
369 1251 72 16 never
448 1244 75 29 forget
530 1244 41 24 the
578 1244 116 25 unselfish

30 1279 47 23 and
85 1279 80 24 heroic
172 1279 84 24 efforts
264 1280 27 23 of
295 1280 49 23 this
352 1280 104 24 nation’s
492 1283 77 22 greatest
576 1283 116 22 treasure:

30 1316 31 23 its
70 1318 113 21 veterans.

127 1524 85 24 Prepared
220 1524 22 24 by
249 1525 29 18 the
286 1525 109 24 Republican
404 1526 79 18 National
491 1526 102 19 Committee

236 1555 53 24 Office
296 1555 22 24 of
320 1556 28 18 the
356 1556 128 19 Co-Chairman

266 1587 36 18 310
309 1587 43 18 First
360 1587 60 20 Street,
428 1587 25 18 SE

250 1616 115 25 Washington,
373 1618 29 17 DC
410 1618 59 17 20003

291 1648 138 18 202-863-8545

165 1768 40 17 Paid
212 1769 31 16 For
249 1769 24 21 By
278 1768 35 17 The
319 1768 92 17 California
417 1768 104 22 Republican
527 1768 49 22 Party
