2182 1679
221 123 211 70 Dole
457 146 133 47 vs.
621 122 325 71 Clinton

821 219 43 26 ur
876 208 137 46 Family.

246 210 46 37 ial
305 210 222 37 Differences
541 210 58 36 for
610 210 71 36 You
694 209 69 37 and
776 209 44 36 Yo

153 209 104 37 Cruci

1206 243 61 39 Dear
1271 252 86 42 Frieng

1197 313 10 21 I
1213 321 64 22 grew
1286 331 84 26 upina
1379 345 66 23 Smal]
1455 351 67 28 town.
1533 360 10 21 I
1552 362 47 34 Was
1609 371 93 33 blesseq
1712 385 53 34 With

1193 349 79 30 taught
1280 364 37 19 me
1327 367 24 21 to
1361 370 28 23 be
1398 371 89 45 honest,
1499 391 24 21 to
1533 397 57 25 treat
1599 405 29 22 all
1654 418 29 16 peo;

397 286 101 32 DOLE
1188 380 85 31 defend
1282 399 44 19 our
1333 402 98 39 Country
1439 420 45 21 and
1494 425 24 20 to
1571 439 14 16 a

295 286 84 32 BOB
502 346 23 11 me
533 343 29 14 tax
570 344 46 13 rates
624 341 22 19 by
655 341 35 16 15%
1182 418 46 20 and
1236 426 119 30 goodness
1364 440 28 21 of
1398 445 9 18 t

415 342 31 16 Cut
455 342 46 15 income
539 351 6 6 ta
605 375 83 52 ee
752 379 79 44 i
873 375 27 52 a
938 375 44 52 ee
1178 443 50 36 also
1234 452 83 38 taught
1325 472 38 19 me
1373 474 48 25 that

389 326 595 85 Ped

154 325 34 39 za
481 391 86 20 anti-drug
580 396 24 11 law

413 392 60 20 Tough
480 394 36 13 anti.
1191 514 4 4 i
1395 543 3 3 :

157 362 32 33 Q
197 374 15 58 |
226 374 34 58 NO
274 374 20 58 |
308 374 49 58 YES
371 374 20 58 |
1169 511 67 31 Right
1244 527 55 21 now
1306 530 38 26 I'm
1353 540 77 33 8iving
1436 555 47 20 you
1492 563 22 17 m
1540 570 36 18 Word
1614 576 8 19 t!

158 396 30 53 5
1164 550 67 23 Serve
1239 561 27 17 ag
1273 566 60 21 Your
1340 565 125 50 President,
1475 588 11 21 I
1557 603 37 24 ISht
1613 614 27 17 as
1649 612 38 26 lon

158 453 30 28 =
197 424 63 75 LNO
278 424 13 75 |
1161 580 65 26 takes
1236 590 23 21 to
1269 599 39 19 Cut
1315 605 60 22 your
1382 609 92 32 income
1484 625 39 24 tax
1531 636 35 18 rat
1676 667 3 3 .
1742 676 4 9 »
1755 667 47 21 YOu
1811 669 59 28 have
1879 685 38 22 my

153 480 38 38 1e]
197 473 61 61 NO
278 473 16 61 |
308 473 52 61 YES
374 473 17 61 |
493 541 64 16 should
565 541 63 16 decide
635 541 58 16 which
701 545 19 12 sc
1156 617 64 22 Word
1230 622 48 25 that
1286 628 31 25 [yj
1327 635 30 23 do
1367 639 117 41 Whatever
1491 662 17 18 It
1518 664 65 26 takes
1593 675 24 20 to
1625 678 55 26 shut
1689 686 68 29 down
1783 699 26 28 ig,
1822 705 105 38 Wastefu]

197 523 14 53 |
223 523 32 53 NO
272 523 23 53 |
1150 640 87 41 federa]
1246 663 109 28 agencies
1363 679 46 21 and
1434 685 81 29 balance
1525 697 38 24 the
1573 699 90 42 budget,

514 595 4 5 7
568 595 28 11 vio)

388 575 291 85 [eerie

197 573 60 59 NO
275 573 21 59 |
389 626 13 51 [
414 626 116 51 Government
542 626 64 51 control
618 626 14 51 of
644 626 39 51 your
690 626 22 51 he
538 640 69 16 Ons
615 640 20 16 EY
640 645 44 14 oe
691 640 39 16 ey
792 691 63 18 troops
862 694 84 11 overseas

411 636 50 29 Gove!
747 690 14 15 ic
800 694 20 11 ro

297 630 89 43 rNO
368 607 23 90 |

389 664 90 77 [Gated
491 664 65 77 Nations
568 664 91 77 comnand
671 664 20 77 of
697 664 90 77 Anecan
806 664 52 77 oops
863 664 117 77 sven

297 679 89 43 [NO

223 741 7 22 Y
1133 743 50 26 Just
1191 756 26 17 as
1226 754 10 22 |
1239 747 50 39 alw,

453 740 37 15 oint
498 744 49 11 more
555 735 59 28 liberal
623 739 61 20 judges

1357 740 15 22 h

293 726 14 55 |
320 726 33 55 NO
366 726 24 55 |
389 725 105 57 [Appoint
503 725 43 57 more
555 725 138 57 iberaljudges

1377 742 50 34 and
1435 747 109 43 financia]
1551 769 132 41 Protection
1692 788 38 23 for
1737 793 53 24 Senj

1301 772 28 19 YS
1338 771 64 29 have.
1407 778 39 35 An
1515 796 4 3 i

1132 777 69 28 down
1210 782 57 39 hard

1792 807 15 15 )
1828 802 104 47 Citizens,

1512 801 38 19 1Ke
1558 808 40 23 my
1606 811 124 43 PPonent,
1741 827 67 29 Twit
1817 845 70 22 crack

1267 802 39 23 On
1317 802 41 25 dry
1382 813 73 27 abuse
1463 821 47 35 and
1514 828 90 38 Violent
1613 843 121 41 Criminals,

809 805 48 25 cut,
867 802 45 23 but
1125 841 44 27 You
1178 849 59 28 have
1245 865 39 23 MY
1293 871 64 23 Word
1366 882 30 18 on
1407 882 52 25 this!

499 803 52 23 ised
560 809 16 17 a
584 803 90 23 middle
684 803 141 64 See
857 838 47 23 ode

210 803 64 22 Bill
285 803 132 22 Clinton
425 805 148 70 ihabigeest
581 842 42 20 tax
632 839 57 23 hike
698 845 26 16 in
755 881 27 17 er
790 875 49 23 and
847 874 89 23 harder
1114 907 44 27 But
1166 915 56 32 first,
1233 924 10 21 7
1351 946 27 18 Ur
1385 951 54 22 Vote
1448 961 30 18 on
1488 960 132 38 November
1627 980 18 22 5.
1674 986 63 28 Please
1747 997 62 28 don’t
1817 1012 69 24 make

210 839 59 22 then
278 839 31 23 he
319 844 60 24 gave
388 846 30 16 us
423 835 48 49 the
483 876 36 22 ies
528 881 41 17 are
578 875 110 29 working
697 875 58 29 long!
1110 942 38 24 the
1153 947 102 38 Mistake
1261 959 18 34 fo)
1299 968 103 39 thinking
1411 984 48 26 that
1466 997 60 21 your
1534 1006 53 21 vote
1596 1010 91 32 doesn’t
1695 1025 159 44 Count—you,.
1862 1052 53 21 Vote

228 881 40 17 ow
276 875 129 23 American
414 871 87 73 eee
510 884 82 54 ahoae
1105 975 58 26 does
1172 990 76 24 count.

210 881 17 16 n
346 912 5 5 :
455 918 29 16 ee
2025 1147 45 7 are

353 914 41 20 just
402 914 26 20 to
820 983 61 29 drug
2026 1155 64 16 Pee

210 911 60 23 than
279 918 72 22 ever
340 907 14 52 j
532 990 28 17 =
568 964 34 43 an
610 983 81 29 drugs,
701 983 44 24 but
749 985 104 62 vargas
857 1004 69 43 talks
1096 1040 87 32 Sol'm
1193 1058 91 32 asking
1293 1068 42 25 fo,
1343 1081 65 22 your
1417 1091 59 22 vote
1487 1101 32 19 on
1527 1097 120 49 Tuesday,
1658 1114 142 48 November
1809 1140 15 21 5
2026 1194 28 3 Bae
2068 1174 20 22 ah

368 983 108 24 romised
485 990 16 17 a
508 990 24 16 war
578 1020 5 5 0
629 1026 17 17 m
654 1026 34 17 no
697 1019 86 30 longer

210 979 73 68 pera
330 985 13 58 =
351 990 109 53 doeblet
483 1019 56 24 ea
548 1019 81 24 gee
1086 1101 81 40 Please
1175 1124 131 32 remember
1313 1137 55 27 how
1375 1152 70 24 much
1454 1158 20 22 is
1483 1166 24 19 at
1515 1171 67 24 Stake
1590 1177 38 24 for
1721 1196 14 21 d
1743 1204 60 22 your
1810 1204 63 37 famil

206 1016 82 34 abuse
358 1056 5 5 5
481 1073 5 6 «
753 1104 7 9 F
825 1128 39 5 ae
1083 1140 44 25 this
1136 1148 99 33 election
1245 1159 119 44 day—anq
1374 1181 54 27 then
1432 1187 56 34 give
1575 1214 26 17 Ur
1609 1219 53 21 Vote
1711 1227 132 38 November
1851 1243 16 34 5.

211 1056 76 23 about
295 1056 102 29 fighting
406 1056 74 29 drugs.
655 1134 33 17 on
696 1128 93 23 violent
797 1127 130 42 criminals,

381 1128 96 23 omised
485 1130 27 21 to
521 1130 40 27 get
569 1128 93 59 ees
670 1164 65 23 been
742 1164 139 23 victimized
1072 1201 117 45 Elizabeth
1199 1228 45 21 and
1253 1230 11 22 I
1271 1233 56 28 both
1337 1243 72 29 thank
1415 1259 46 21 yoy
1470 1261 39 24 for
1514 1273 60 22 your
1581 1273 106 41 Support!

210 1128 157 59 bem
448 1164 271 64 cheno
728 1199 98 24 nea

210 1165 45 22 but
264 1164 51 28 500,
399 1201 4 5 ince
461 1201 32 22 he
501 1201 62 23 took
572 1206 16 18 o

280 1201 95 23 iminals
384 1207 73 35 ge
505 1237 5 5 x
591 1237 90 23 judges.

210 1197 98 68 plier:
349 1239 138 26 OT
614 1237 32 28 ae
714 1309 4 5 ig
760 1310 144 22 government
912 1309 22 22 is
1336 1348 117 69 —A,
1458 1384 37 44 ow

424 1309 52 23 ised
485 1309 53 23 that
546 1309 42 23 the
597 1308 55 24 “era
660 1309 29 23 of
695 1309 77 59 rey
780 1344 46 24 has
834 1344 32 23 he
876 1344 55 23 cut?
1445 1425 50 27 Bob
1504 1429 59 40 Dole

211 1291 132 47 Clinton
351 1306 128 72 aise
489 1347 159 33 government
656 1349 63 36 agen

271 1344 86 24 ”—but
365 1352 24 16 wl
646 1388 39 30 ee
765 1417 131 23 important

211 1342 64 35 over’
713 1417 42 23 the
764 1423 50 22 imp

374 1417 58 23 here
443 1417 52 23 Bob
505 1417 62 23 Dole
576 1417 86 23 stands
671 1424 33 16 on

209 1417 50 23 You
268 1418 72 22 know
351 1424 23 15 w!

641 1453 49 23 and

454 1453 73 23 tands
535 1453 40 23 for
583 1460 49 21 you
716 1489 53 23 Bob
779 1489 68 23 Dole.

210 1453 150 23 mee
370 1449 98 76 ghey
486 1490 77 22 oa
571 1490 21 27 5,
601 1492 58 20 vote
668 1489 39 23 for

330 1490 35 27 ily.

209 1496 62 21 your
279 1489 50 23 fam
