1710 2224
733 266 93 29 Putting
838 271 46 18 rats
896 267 51 23 first

261 341 72 22 “How
344 347 40 16 can
395 347 12 15 a
417 346 30 16 rat
457 341 95 22 threaten
562 347 54 21 your
626 341 65 23 home
701 342 40 23 and
751 348 52 23 very
814 341 38 24 life
862 342 92 23 without
963 349 53 16 ever
1025 342 103 31 crawling
1137 350 52 17 onto
1199 352 55 22 your
1263 349 115 28 property?
1396 351 20 21 A

247 378 126 30 simplified
384 378 148 23 bureaucratic
543 385 90 16 answer:
646 379 68 24 When
724 380 35 23 the
769 379 52 24 rat’s
832 380 91 23 ‘critical
934 380 92 23 habitat’
1037 380 60 25 does,
1107 388 24 16 or
1139 382 73 24 could.
1222 390 91 23 support
1323 385 26 24 its
1360 386 70 31 living

270 417 73 23 habits
353 423 29 16 on
392 423 25 16 or
426 423 51 25 near
486 423 54 22 your
549 422 107 24 property,
667 424 55 16 even
733 417 17 23 if
757 417 35 23 the
802 422 31 18 rat
842 417 73 24 hasn’t
924 418 83 23 moved
1018 418 28 22 in.
1064 419 33 22 An
1106 419 28 23 all
1144 424 37 18 too
1191 421 43 22 real
1244 428 51 16 case
1306 422 20 23 in
1337 424 68 28 point:

310 455 51 23 Last
372 454 45 23 fall.
428 453 107 24 Souther
545 454 122 23 California
676 460 99 24 property
784 461 87 17 owners
880 455 102 23 couldn't
992 461 90 24 prevent
1091 457 72 29 racing
1173 457 65 23 brush
1249 458 52 24 fires
1312 459 56 24 from

274 492 133 29 overtaking
417 492 55 22 their
482 492 76 23 homes
568 499 27 16 on
605 497 94 18 account
707 492 27 23 of
739 492 35 23 the
784 491 110 30 officially
903 492 142 30 endangered
1054 493 109 30 kangaroo
1173 499 37 18 rat.
1229 495 133 30 Reportedly
1373 497 27 24 30

400 529 77 23 homes
487 536 57 16 were
555 529 40 23 lost
605 529 94 23 because
708 529 27 23 of
740 529 35 24 the
785 529 52 24 rat.”
853 529 122 24 /nvestor's
985 530 105 24 Business
1099 530 69 29 Daily,
1181 531 95 23 5/17/94.

457 604 48 23 Has
516 605 56 22 been
583 604 93 24 blamed
687 605 37 23 for
730 605 40 23 the
780 605 72 23 forest
861 605 56 24 fires
927 612 53 16 now
991 606 112 29 ravaging
1111 612 44 17 our
1163 610 60 19 state

240 680 49 24 The
299 680 92 23 Clinton
401 680 182 23 Administration
592 680 116 24 continues
717 685 21 19 to
748 686 89 24 prevent
847 680 55 24 local
913 680 69 24 forest
992 687 113 23 managers
1116 680 55 25 from
1182 682 168 31 implementing
1359 683 36 24 the

241 725 138 23 emergency
388 718 80 23 timber
477 718 88 30 salvage
576 718 40 23 law
625 718 46 24 that
679 718 76 24 allows
766 718 117 30 flexibility
892 723 22 19 to
923 718 105 30 expedite
1037 719 35 23 the
1081 720 96 23 removal
1186 719 28 24 of
1220 720 36 23 the
1265 721 142 24 tremendous

241 756 100 30 backlog
350 755 28 24 of
384 756 57 23 dead
449 756 43 23 and
501 756 67 30 dying
577 761 55 18 trees
644 756 20 23 in
673 763 40 16 our
722 755 84 25 forests.
823 756 47 24 Just
879 756 97 29 recently
986 756 36 23 the
1031 756 88 24 Clinton
1129 757 182 24 Administration
1322 759 96 29 rejected

242 801 13 16 a
264 793 114 24 scientific
389 799 72 24 report
469 794 45 23 that
522 793 74 24 would
605 794 55 23 have
670 793 93 24 allowed
772 794 111 23 moderate
893 793 92 31 logging
996 793 21 24 in
1027 794 93 24 national
1131 794 85 25 forests:

260 869 99 23 “Action
369 869 29 29 by
408 869 35 23 the
452 869 89 23 Clinton
551 869 172 23 administration
734 869 39 24 last
782 869 62 23 week
854 869 81 23 further
944 869 123 30 endangers
1076 870 35 23 the
1120 870 96 29 Sequoia
1224 871 104 23 National
1339 872 75 23 Forest

417 906 42 23 and
468 907 63 22 other
540 906 77 24 forests
626 907 66 30 along
702 907 34 23 the
746 907 70 23 Sierra
824 907 92 23 Nevada
925 912 22 18 to
956 907 146 30 catastrophic
1112 907 39 23 fire
1161 908 44 23 that
1214 908 45 23 will

429 949 38 18 not
476 944 52 29 only
537 944 86 29 destroy
633 944 97 23 millions
739 944 27 23 of
772 950 63 18 trees.
844 944 37 23 but
891 944 37 23 kill
939 944 121 24 thousands
1069 944 27 23 of
1102 945 91 29 species.
1205 964 3 3 .
1220 964 3 3 .

313 981 38 23 “If
356 988 45 22 you
411 981 55 23 have
476 987 37 18 not
523 982 62 23 made
595 989 27 22 up
632 989 55 22 vour
695 982 60 23 mind
763 989 28 16 on
801 982 36 23 the
846 982 141 30 presidential
997 982 94 23 election
1101 982 27 29 by
1137 983 42 23 this
1189 983 59 23 time.
1259 984 50 22 then
1319 984 43 23 this

288 1019 139 23 horrendous
436 1019 100 23 decision
545 1019 44 23 that
598 1019 106 30 basically
712 1020 120 23 condemns
841 1026 40 17 our
891 1019 56 24 local
958 1019 69 24 forest
1035 1025 22 18 to
1066 1020 143 29 catastrophic
1220 1020 40 23 fire
1269 1021 80 23 should
1359 1021 27 23 be
1706 1044 2 3 |

256 1063 81 17 reason
346 1056 90 30 enough
445 1062 22 17 to
477 1057 51 23 seek
537 1064 26 16 an
573 1057 126 23 alternative
708 1062 21 18 to
738 1057 159 23 Clinton-Gore
908 1057 20 23 in
942 1057 78 23 1996.”
1036 1056 128 24 Porterville
1174 1057 115 26 Recorder,
1301 1058 98 23 8/27/96.
1706 1048 2 37 |

616 1132 139 30 Redefining
764 1133 90 29 private
863 1136 114 26 property
987 1132 73 29 rights
1687 1081 4 78 |

256 1207 93 23 “Under
357 1211 87 18 current
453 1206 112 29 practices,
575 1206 101 29 [federal]
686 1213 82 23 agency
777 1207 128 29 employees
914 1213 41 16 can
964 1211 62 18 enter
1034 1206 81 29 private
1124 1212 121 24 property--
1256 1207 42 23 like
1308 1214 13 15 a
1329 1212 54 18 tract
1392 1206 28 24 of

265 1244 73 23 land--
348 1243 53 23 with
411 1250 28 16 no
449 1243 97 23 advance
555 1243 130 30 permission
695 1243 41 23 and
745 1244 116 22 undertake
870 1243 42 23 soil
921 1248 54 18 tests
985 1250 25 16 or
1019 1243 98 23 searches
1127 1242 34 24 for
1169 1243 81 23 animal
1259 1250 25 16 or
1292 1244 61 29 plant
1363 1243 45 24 life.

263 1280 73 23 When
346 1280 52 29 they
408 1279 47 24 find
464 1280 58 23 what
530 1280 50 29 they
588 1280 103 23 consider
699 1280 122 23 conditions
830 1287 25 16 or
863 1280 86 31 species
958 1280 46 23 that
1013 1279 83 30 qualify
1106 1279 33 24 for
1147 1280 124 29 regulatory
1279 1280 131 30 protection,

270 1318 54 29 they
333 1316 73 30 notify
415 1324 85 16 owners
509 1322 38 18 out
555 1317 27 24 of
588 1318 35 22 the
632 1318 70 23 blue--
711 1317 59 24 often
780 1318 134 29 threatening
923 1317 72 29 heavy
1006 1316 55 24 fines
1072 1316 19 24 if
1095 1317 36 23 the
1139 1324 86 16 owners
1234 1317 64 23 don’t
1306 1324 65 23 agree
1380 1322 23 18 to

272 1361 67 16 cease
348 1354 43 23 and
400 1354 69 23 desist
477 1354 56 23 their
541 1359 85 25 present
635 1361 39 17 use
682 1354 28 23 of
715 1355 35 22 the
759 1359 100 25 property
867 1361 25 16 or
899 1359 23 19 to
932 1354 65 29 forgo
1007 1353 70 24 future
1085 1354 114 23 economic
1209 1354 178 29 development.”

624 1391 45 23 San
677 1391 71 30 Diego
760 1391 180 24 Union-Tribune,
953 1391 96 23 5/14/95.

556 1465 70 23 Tried
636 1470 24 18 to
670 1466 59 23 raise
739 1466 100 22 rancher
846 1466 96 28 grazing
952 1465 48 23 fees
1010 1465 29 28 by
1051 1464 68 23 130%

245 1540 48 22 The
303 1539 92 23 Clinton
404 1536 181 26 Administration
596 1539 101 23 intended
706 1544 21 18 to
736 1539 80 23 double
825 1539 35 23 the
869 1543 90 18 amount
968 1538 28 23 of
1002 1538 88 29 grazing
1099 1537 46 23 fees
1154 1537 57 23 from
1220 1538 66 23 $1.86
1296 1544 39 23 per
1343 1537 82 23 animal

246 1576 49 23 unit
304 1583 13 16 a
326 1576 77 23 month
412 1581 22 18 to
444 1575 72 24 $4.28.
534 1575 175 30 Congressional
717 1575 116 31 Quarterly
840 1575 111 24 Almanac,
966 1575 64 23 1994.

517 1650 103 28 Actively
629 1654 110 25 supports
748 1650 38 23 the
795 1650 84 23 United
889 1649 70 23 Farm
969 1649 112 22 Workers
1091 1649 69 22 union

247 1724 37 23 On
295 1723 73 23 Labor
377 1723 49 28 Day
435 1722 27 24 of
467 1723 43 23 this
519 1730 56 22 year,
585 1723 89 24 Clinton
684 1729 46 17 sent
738 1723 33 23 his
780 1723 100 29 Housing
889 1723 42 22 and
940 1723 75 23 Urban
1025 1722 158 29 Development
1192 1722 113 28 Secretary
1315 1722 74 28 Henry

248 1761 108 22 Cisneros
365 1765 23 18 to
398 1760 67 29 speak
474 1760 52 23 with
536 1760 115 23 AFL-CIO
661 1761 51 22 boss
721 1760 54 23 John
785 1760 105 28 Sweeney
899 1764 21 18 at
928 1766 13 16 a
950 1759 54 29 rally
1016 1759 19 22 in
1046 1759 77 22 Fresno
1132 1758 101 23 attended
1243 1758 28 28 by
1280 1758 67 26 2,000
1357 1757 55 23 farm

248 1797 107 23 workers:

261 1870 121 23 “Cisneros
392 1877 56 22 gave
457 1870 33 23 his
500 1870 79 29 speech
588 1870 91 28 entirely
690 1870 20 23 in
720 1870 98 29 Spanish,
828 1870 64 22 while
903 1870 107 28 Sweeney
1019 1869 67 29 spoke
1096 1868 20 23 in
1126 1868 96 29 English.
1241 1868 107 22 Headsets
1358 1874 58 16 were

315 1906 110 23 available
436 1906 33 23 for
478 1907 156 22 simultaneous
644 1907 124 22 translation
776 1906 28 23 of
809 1907 35 22 the
854 1913 119 22 messages.
991 1906 56 22 Both
1056 1905 56 22 cited
1121 1905 34 22 the
1177 1904 24 23 UF
1211 1900 37 40 W’s
1261 1904 102 22 renewed

453 1943 127 29 organizing
589 1949 87 23 energy,
686 1943 100 29 chanting
797 1943 31 23 ‘Si
838 1950 23 15 se
870 1942 78 30 puede!
960 1954 18 5 --
988 1942 45 23 Yes
1043 1942 15 22 it
1066 1948 39 16 can
1114 1941 26 22 be
1149 1940 75 23 done!’

588 1979 50 22 with
650 1979 140 29 flag-waving
799 1979 42 23 and
849 1979 103 28 clapping
962 1978 101 23 workers.

262 2016 66 22 “We
339 2020 58 18 must
406 2015 102 29 organize
518 2022 59 15 more
586 2016 95 22 workers
690 2022 23 16 as
722 2022 42 22 you
775 2015 20 23 in
804 2016 35 22 the
849 2015 60 22 Farm
920 2015 102 22 Workers
1032 2014 64 22 union
1105 2020 35 15 are
1149 2012 83 29 doing,’
1244 2012 107 28 Sweeney
1361 2012 54 22 said.

299 2051 128 23 ‘Whatever
436 2058 32 15 we
478 2052 35 24 do,
523 2058 33 15 we
565 2056 57 18 must
630 2052 39 22 ask
679 2052 48 22 how
736 2052 52 22 does
797 2052 42 22 this
848 2051 50 28 help
908 2058 24 16 us
942 2058 61 22 grow
1012 2050 41 23 and
1062 2050 49 29 give
1120 2049 94 23 workers
1224 2054 61 16 more
1294 2047 88 29 power?

336 2090 100 22 Because
447 2089 18 23 if
472 2097 32 15 we
513 2090 62 22 don’t
584 2096 59 23 grow
654 2090 20 23 in
684 2090 36 29 big
729 2090 107 24 numbers,
846 2097 32 15 we
887 2094 80 18 cannot
976 2088 117 24 survive.”
1109 2088 82 22 Fresno
1201 2087 48 23 Bee,
1262 2086 80 23 9/2/96.
