<?xml version="1.0" encoding="UTF-8"?>
<alto xmlns="http://www.loc.gov/standards/alto/ns-v3#" xmlns:xlink="http://www.w3.org/1999/xlink" xmlns:xsi="http://www.w3.org/2001/XMLSchema-instance" xsi:schemaLocation="http://www.loc.gov/standards/alto/ns-v3# http://www.loc.gov/alto/v3/alto-3-0.xsd">
	<Description>
		<MeasurementUnit>pixel</MeasurementUnit>
		<sourceImageInformation>
			<fileName>/tmp/tess_g9kppsmq_input.PPM</fileName>
		</sourceImageInformation>
		<OCRProcessing ID="OCR_0">
			<ocrProcessingStep>
				<processingSoftware>
					<softwareName>tesseract 5.3.1</softwareName>
				</processingSoftware>
			</ocrProcessingStep>
		</OCRProcessing>
	</Description>
	<Layout>
		<Page WIDTH="1684" HEIGHT="2198" PHYSICAL_IMG_NR="0" ID="page_0">
			<PrintSpace HPOS="0" VPOS="0" WIDTH="1684" HEIGHT="2198">
				<ComposedBlock ID="cblock_0" HPOS="594" VPOS="82" WIDTH="434" HEIGHT="138">
					<TextBlock ID="block_0" HPOS="594" VPOS="82" WIDTH="434" HEIGHT="138">
						<TextLine ID="line_0" HPOS="752" VPOS="82" WIDTH="119" HEIGHT="29">
							<String ID="string_0" HPOS="752" VPOS="82" WIDTH="119" HEIGHT="29" WC="0.6" CONTENT="xkKwK"/>
						</TextLine>
						<TextLine ID="line_1" HPOS="594" VPOS="145" WIDTH="434" HEIGHT="75">
							<String ID="string_1" HPOS="594" VPOS="145" WIDTH="196" HEIGHT="75" WC="0.96" CONTENT="DOLE"/><SP WIDTH="29" VPOS="145" HPOS="790"/>
							<String ID="string_2" HPOS="819" VPOS="146" WIDTH="209" HEIGHT="74" WC="0.96" CONTENT="KEMP"/>
						</TextLine>
					</TextBlock>
				</ComposedBlock>
				<ComposedBlock ID="cblock_1" HPOS="489" VPOS="304" WIDTH="616" HEIGHT="42">
					<TextBlock ID="block_1" HPOS="489" VPOS="304" WIDTH="616" HEIGHT="42">
						<TextLine ID="line_2" HPOS="489" VPOS="304" WIDTH="616" HEIGHT="42">
							<String ID="string_3" HPOS="489" VPOS="305" WIDTH="92" HEIGHT="40" WC="0.57" CONTENT="Tue"/><SP WIDTH="19" VPOS="305" HPOS="581"/>
							<String ID="string_4" HPOS="600" VPOS="305" WIDTH="266" HEIGHT="41" WC="0.0" CONTENT="DoLe/Kemp"/><SP WIDTH="16" VPOS="305" HPOS="866"/>
							<String ID="string_5" HPOS="882" VPOS="304" WIDTH="91" HEIGHT="41" WC="0.88" CONTENT="Tax"/><SP WIDTH="17" VPOS="304" HPOS="973"/>
							<String ID="string_6" HPOS="990" VPOS="304" WIDTH="115" HEIGHT="40" WC="0.96" CONTENT="PLAN"/>
						</TextLine>
					</TextBlock>
				</ComposedBlock>
				<GraphicalElement ID="cblock_2" HPOS="666" VPOS="231" WIDTH="284" HEIGHT="8"></GraphicalElement >
				<ComposedBlock ID="cblock_3" HPOS="198" VPOS="414" WIDTH="1098" HEIGHT="46">
					<TextBlock ID="block_2" HPOS="198" VPOS="414" WIDTH="1098" HEIGHT="46">
						<TextLine ID="line_3" HPOS="198" VPOS="414" WIDTH="1098" HEIGHT="46">
							<String ID="string_7" HPOS="198" VPOS="414" WIDTH="302" HEIGHT="46" WC="0.95" CONTENT="PROVIDING"/><SP WIDTH="30" VPOS="414" HPOS="500"/>
							<String ID="string_8" HPOS="530" VPOS="422" WIDTH="191" HEIGHT="35" WC="0.86" CONTENT="RELIEF"/><SP WIDTH="27" VPOS="422" HPOS="721"/>
							<String ID="string_9" HPOS="748" VPOS="431" WIDTH="58" HEIGHT="26" WC="0.60" CONTENT="TO"/><SP WIDTH="24" VPOS="431" HPOS="806"/>
							<String ID="string_10" HPOS="830" VPOS="421" WIDTH="466" HEIGHT="35" WC="0.0" CONTENT="ALEAMERTCANS:"/>
						</TextLine>
					</TextBlock>
				</ComposedBlock>
				<ComposedBlock ID="cblock_4" HPOS="198" VPOS="541" WIDTH="1194" HEIGHT="416">
					<TextBlock ID="block_3" HPOS="198" VPOS="541" WIDTH="1194" HEIGHT="172">
						<TextLine ID="line_4" HPOS="198" VPOS="541" WIDTH="1194" HEIGHT="48">
							<String ID="string_11" HPOS="198" VPOS="562" WIDTH="10" HEIGHT="11" WC="0.37" CONTENT="-"/><SP WIDTH="40" VPOS="562" HPOS="208"/>
							<String ID="string_12" HPOS="248" VPOS="546" WIDTH="34" HEIGHT="35" WC="0.87" CONTENT="A"/><SP WIDTH="21" VPOS="546" HPOS="282"/>
							<String ID="string_13" HPOS="303" VPOS="544" WIDTH="85" HEIGHT="37" WC="0.87" CONTENT="15%"/><SP WIDTH="17" VPOS="544" HPOS="388"/>
							<String ID="string_14" HPOS="405" VPOS="542" WIDTH="203" HEIGHT="38" WC="0.95" CONTENT="individual"/><SP WIDTH="18" VPOS="542" HPOS="608"/>
							<String ID="string_15" HPOS="626" VPOS="542" WIDTH="144" HEIGHT="46" WC="0.96" CONTENT="income"/><SP WIDTH="14" VPOS="542" HPOS="770"/>
							<String ID="string_16" HPOS="784" VPOS="548" WIDTH="61" HEIGHT="31" WC="0.96" CONTENT="tax"/><SP WIDTH="13" VPOS="548" HPOS="845"/>
							<String ID="string_17" HPOS="858" VPOS="547" WIDTH="73" HEIGHT="32" WC="0.96" CONTENT="rate"/><SP WIDTH="15" VPOS="547" HPOS="931"/>
							<String ID="string_18" HPOS="946" VPOS="547" WIDTH="60" HEIGHT="32" WC="0.96" CONTENT="cut"/><SP WIDTH="16" VPOS="547" HPOS="1006"/>
							<String ID="string_19" HPOS="1022" VPOS="541" WIDTH="57" HEIGHT="38" WC="0.96" CONTENT="for"/><SP WIDTH="13" VPOS="541" HPOS="1079"/>
							<String ID="string_20" HPOS="1092" VPOS="553" WIDTH="110" HEIGHT="35" WC="0.96" CONTENT="every"/><SP WIDTH="13" VPOS="553" HPOS="1202"/>
							<String ID="string_21" HPOS="1215" VPOS="548" WIDTH="177" HEIGHT="41" WC="0.96" CONTENT="taxpayer"/>
						</TextLine>
						<TextLine ID="line_5" HPOS="198" VPOS="602" WIDTH="1188" HEIGHT="50">
							<String ID="string_22" HPOS="198" VPOS="624" WIDTH="10" HEIGHT="11" WC="0.0" CONTENT="-"/><SP WIDTH="40" VPOS="624" HPOS="208"/>
							<String ID="string_23" HPOS="248" VPOS="607" WIDTH="34" HEIGHT="35" WC="0.66" CONTENT="A"/><SP WIDTH="16" VPOS="607" HPOS="282"/>
							<String ID="string_24" HPOS="298" VPOS="604" WIDTH="301" HEIGHT="48" WC="0.66" CONTENT="$500-per-child"/><SP WIDTH="16" VPOS="604" HPOS="599"/>
							<String ID="string_25" HPOS="615" VPOS="603" WIDTH="129" HEIGHT="48" WC="0.96" CONTENT="family"/><SP WIDTH="13" VPOS="603" HPOS="744"/>
							<String ID="string_26" HPOS="757" VPOS="609" WIDTH="61" HEIGHT="31" WC="0.97" CONTENT="tax"/><SP WIDTH="14" VPOS="609" HPOS="818"/>
							<String ID="string_27" HPOS="832" VPOS="602" WIDTH="112" HEIGHT="38" WC="0.96" CONTENT="credit"/><SP WIDTH="15" VPOS="602" HPOS="944"/>
							<String ID="string_28" HPOS="959" VPOS="602" WIDTH="57" HEIGHT="38" WC="0.96" CONTENT="for"/><SP WIDTH="14" VPOS="602" HPOS="1016"/>
							<String ID="string_29" HPOS="1030" VPOS="602" WIDTH="165" HEIGHT="38" WC="0.96" CONTENT="children"/><SP WIDTH="15" VPOS="602" HPOS="1195"/>
							<String ID="string_30" HPOS="1210" VPOS="603" WIDTH="115" HEIGHT="37" WC="0.96" CONTENT="under"/><SP WIDTH="20" VPOS="603" HPOS="1325"/>
							<String ID="string_31" HPOS="1345" VPOS="603" WIDTH="41" HEIGHT="36" WC="0.96" CONTENT="18"/>
						</TextLine>
						<TextLine ID="line_6" HPOS="199" VPOS="664" WIDTH="1000" HEIGHT="49">
							<String ID="string_32" HPOS="199" VPOS="685" WIDTH="10" HEIGHT="11" WC="0.75" CONTENT="-"/><SP WIDTH="39" VPOS="685" HPOS="209"/>
							<String ID="string_33" HPOS="248" VPOS="669" WIDTH="111" HEIGHT="35" WC="0.82" CONTENT="Accut"/><SP WIDTH="16" VPOS="669" HPOS="359"/>
							<String ID="string_34" HPOS="375" VPOS="666" WIDTH="36" HEIGHT="37" WC="0.96" CONTENT="in"/><SP WIDTH="14" VPOS="666" HPOS="411"/>
							<String ID="string_35" HPOS="425" VPOS="666" WIDTH="60" HEIGHT="36" WC="0.96" CONTENT="the"/><SP WIDTH="16" VPOS="666" HPOS="485"/>
							<String ID="string_36" HPOS="501" VPOS="665" WIDTH="134" HEIGHT="48" WC="0.96" CONTENT="capital"/><SP WIDTH="16" VPOS="665" HPOS="635"/>
							<String ID="string_37" HPOS="651" VPOS="664" WIDTH="102" HEIGHT="48" WC="0.96" CONTENT="gains"/><SP WIDTH="15" VPOS="664" HPOS="753"/>
							<String ID="string_38" HPOS="768" VPOS="670" WIDTH="61" HEIGHT="31" WC="0.96" CONTENT="tax"/><SP WIDTH="14" VPOS="670" HPOS="829"/>
							<String ID="string_39" HPOS="843" VPOS="664" WIDTH="94" HEIGHT="37" WC="0.96" CONTENT="from"/><SP WIDTH="14" VPOS="664" HPOS="937"/>
							<String ID="string_40" HPOS="951" VPOS="664" WIDTH="90" HEIGHT="37" WC="0.96" CONTENT="28%"/><SP WIDTH="15" VPOS="664" HPOS="1041"/>
							<String ID="string_41" HPOS="1056" VPOS="669" WIDTH="38" HEIGHT="32" WC="0.95" CONTENT="to"/><SP WIDTH="21" VPOS="669" HPOS="1094"/>
							<String ID="string_42" HPOS="1115" VPOS="665" WIDTH="84" HEIGHT="36" WC="0.96" CONTENT="14%"/>
						</TextLine>
					</TextBlock>
					<TextBlock ID="block_4" HPOS="199" VPOS="725" WIDTH="1135" HEIGHT="51">
						<TextLine ID="line_7" HPOS="199" VPOS="725" WIDTH="1135" HEIGHT="51">
							<String ID="string_43" HPOS="199" VPOS="746" WIDTH="10" HEIGHT="12" WC="0.29" CONTENT="-"/><SP WIDTH="40" VPOS="746" HPOS="209"/>
							<String ID="string_44" HPOS="249" VPOS="731" WIDTH="34" HEIGHT="34" WC="0.82" CONTENT="A"/><SP WIDTH="15" VPOS="731" HPOS="283"/>
							<String ID="string_45" HPOS="298" VPOS="727" WIDTH="122" HEIGHT="49" WC="0.82" CONTENT="repeal"/><SP WIDTH="16" VPOS="727" HPOS="420"/>
							<String ID="string_46" HPOS="436" VPOS="726" WIDTH="46" HEIGHT="38" WC="0.96" CONTENT="of"/><SP WIDTH="9" VPOS="726" HPOS="482"/>
							<String ID="string_47" HPOS="491" VPOS="726" WIDTH="73" HEIGHT="37" WC="0.93" CONTENT="Bill"/><SP WIDTH="17" VPOS="726" HPOS="564"/>
							<String ID="string_48" HPOS="581" VPOS="725" WIDTH="184" HEIGHT="38" WC="0.92" CONTENT="Clinton’s"/><SP WIDTH="17" VPOS="725" HPOS="765"/>
							<String ID="string_49" HPOS="782" VPOS="725" WIDTH="120" HEIGHT="38" WC="0.96" CONTENT="Social"/><SP WIDTH="16" VPOS="725" HPOS="902"/>
							<String ID="string_50" HPOS="918" VPOS="725" WIDTH="166" HEIGHT="48" WC="0.97" CONTENT="Security"/><SP WIDTH="14" VPOS="725" HPOS="1084"/>
							<String ID="string_51" HPOS="1098" VPOS="725" WIDTH="158" HEIGHT="38" WC="0.96" CONTENT="benefits"/><SP WIDTH="15" VPOS="725" HPOS="1256"/>
							<String ID="string_52" HPOS="1271" VPOS="731" WIDTH="63" HEIGHT="31" WC="0.96" CONTENT="tax"/>
						</TextLine>
					</TextBlock>
					<TextBlock ID="block_5" HPOS="199" VPOS="787" WIDTH="1042" HEIGHT="49">
						<TextLine ID="line_8" HPOS="199" VPOS="787" WIDTH="1042" HEIGHT="49">
							<String ID="string_53" HPOS="199" VPOS="808" WIDTH="10" HEIGHT="11" WC="0.23" CONTENT="-"/><SP WIDTH="40" VPOS="808" HPOS="209"/>
							<String ID="string_54" HPOS="249" VPOS="792" WIDTH="60" HEIGHT="34" WC="0.83" CONTENT="An"/><SP WIDTH="14" VPOS="792" HPOS="309"/>
							<String ID="string_55" HPOS="323" VPOS="788" WIDTH="205" HEIGHT="48" WC="0.83" CONTENT="expansion"/><SP WIDTH="15" VPOS="788" HPOS="528"/>
							<String ID="string_56" HPOS="543" VPOS="787" WIDTH="47" HEIGHT="38" WC="0.96" CONTENT="of"/><SP WIDTH="9" VPOS="787" HPOS="590"/>
							<String ID="string_57" HPOS="599" VPOS="787" WIDTH="202" HEIGHT="37" WC="0.96" CONTENT="Individual"/><SP WIDTH="16" VPOS="787" HPOS="801"/>
							<String ID="string_58" HPOS="817" VPOS="787" WIDTH="221" HEIGHT="37" WC="0.96" CONTENT="Retirement"/><SP WIDTH="14" VPOS="787" HPOS="1038"/>
							<String ID="string_59" HPOS="1052" VPOS="788" WIDTH="189" HEIGHT="35" WC="0.96" CONTENT="Accounts"/>
						</TextLine>
					</TextBlock>
					<TextBlock ID="block_6" HPOS="199" VPOS="847" WIDTH="801" HEIGHT="49">
						<TextLine ID="line_9" HPOS="199" VPOS="847" WIDTH="801" HEIGHT="49">
							<String ID="string_60" HPOS="199" VPOS="868" WIDTH="10" HEIGHT="11" WC="0.78" CONTENT="-"/><SP WIDTH="40" VPOS="868" HPOS="209"/>
							<String ID="string_61" HPOS="249" VPOS="850" WIDTH="204" HEIGHT="37" WC="0.96" CONTENT="Education"/><SP WIDTH="8" VPOS="850" HPOS="453"/>
							<String ID="string_62" HPOS="461" VPOS="843" WIDTH="62" HEIGHT="57" WC="0.96" CONTENT="and"/><SP WIDTH="18" VPOS="843" HPOS="523"/>
							<String ID="string_63" HPOS="541" VPOS="843" WIDTH="50" HEIGHT="57" WC="0.95" CONTENT="job"/><SP WIDTH="41" VPOS="843" HPOS="591"/>
							<String ID="string_64" HPOS="632" VPOS="848" WIDTH="154" HEIGHT="47" WC="0.96" CONTENT="training"/><SP WIDTH="16" VPOS="848" HPOS="786"/>
							<String ID="string_65" HPOS="802" VPOS="847" WIDTH="198" HEIGHT="38" WC="0.96" CONTENT="incentives"/>
						</TextLine>
					</TextBlock>
					<TextBlock ID="block_7" HPOS="199" VPOS="908" WIDTH="652" HEIGHT="49">
						<TextLine ID="line_10" HPOS="199" VPOS="908" WIDTH="652" HEIGHT="49">
							<String ID="string_66" HPOS="199" VPOS="929" WIDTH="10" HEIGHT="10" WC="0.59" CONTENT="-"/><SP WIDTH="40" VPOS="929" HPOS="209"/>
							<String ID="string_67" HPOS="249" VPOS="910" WIDTH="144" HEIGHT="47" WC="0.95" CONTENT="Ending"/><SP WIDTH="14" VPOS="910" HPOS="393"/>
							<String ID="string_68" HPOS="407" VPOS="910" WIDTH="61" HEIGHT="37" WC="0.95" CONTENT="the"/><SP WIDTH="16" VPOS="910" HPOS="468"/>
							<String ID="string_69" HPOS="484" VPOS="910" WIDTH="74" HEIGHT="36" WC="0.96" CONTENT="IRS"/><SP WIDTH="18" VPOS="910" HPOS="558"/>
							<String ID="string_70" HPOS="576" VPOS="921" WIDTH="39" HEIGHT="25" WC="0.96" CONTENT="as"/><SP WIDTH="15" VPOS="921" HPOS="615"/>
							<String ID="string_71" HPOS="630" VPOS="920" WIDTH="57" HEIGHT="26" WC="0.96" CONTENT="we"/><SP WIDTH="15" VPOS="920" HPOS="687"/>
							<String ID="string_72" HPOS="702" VPOS="909" WIDTH="108" HEIGHT="37" WC="0.96" CONTENT="know"/><SP WIDTH="16" VPOS="909" HPOS="810"/>
							<String ID="string_73" HPOS="826" VPOS="908" WIDTH="25" HEIGHT="37" WC="0.96" CONTENT="it"/>
						</TextLine>
					</TextBlock>
				</ComposedBlock>
				<ComposedBlock ID="cblock_5" HPOS="219" VPOS="1047" WIDTH="1207" HEIGHT="114">
					<TextBlock ID="block_8" HPOS="219" VPOS="1047" WIDTH="1207" HEIGHT="114">
						<TextLine ID="line_11" HPOS="219" VPOS="1047" WIDTH="1207" HEIGHT="33">
							<String ID="string_74" HPOS="219" VPOS="1051" WIDTH="54" HEIGHT="25" WC="0.96" CONTENT="Bob"/><SP WIDTH="11" VPOS="1051" HPOS="273"/>
							<String ID="string_75" HPOS="284" VPOS="1050" WIDTH="63" HEIGHT="25" WC="0.96" CONTENT="Dole"/><SP WIDTH="10" VPOS="1050" HPOS="347"/>
							<String ID="string_76" HPOS="357" VPOS="1050" WIDTH="51" HEIGHT="25" WC="0.96" CONTENT="will"/><SP WIDTH="11" VPOS="1050" HPOS="408"/>
							<String ID="string_77" HPOS="419" VPOS="1049" WIDTH="52" HEIGHT="26" WC="0.96" CONTENT="also"/><SP WIDTH="11" VPOS="1049" HPOS="471"/>
							<String ID="string_78" HPOS="482" VPOS="1049" WIDTH="101" HEIGHT="25" WC="0.96" CONTENT="balance"/><SP WIDTH="9" VPOS="1049" HPOS="583"/>
							<String ID="string_79" HPOS="592" VPOS="1048" WIDTH="40" HEIGHT="25" WC="0.97" CONTENT="the"/><SP WIDTH="10" VPOS="1048" HPOS="632"/>
							<String ID="string_80" HPOS="642" VPOS="1048" WIDTH="89" HEIGHT="32" WC="0.97" CONTENT="budget"/><SP WIDTH="10" VPOS="1048" HPOS="731"/>
							<String ID="string_81" HPOS="741" VPOS="1048" WIDTH="31" HEIGHT="31" WC="0.96" CONTENT="by"/><SP WIDTH="10" VPOS="1048" HPOS="772"/>
							<String ID="string_82" HPOS="782" VPOS="1047" WIDTH="39" HEIGHT="26" WC="0.96" CONTENT="the"/><SP WIDTH="9" VPOS="1047" HPOS="821"/>
							<String ID="string_83" HPOS="830" VPOS="1055" WIDTH="56" HEIGHT="24" WC="0.96" CONTENT="year"/><SP WIDTH="9" VPOS="1055" HPOS="886"/>
							<String ID="string_84" HPOS="895" VPOS="1048" WIDTH="72" HEIGHT="28" WC="0.96" CONTENT="2002,"/><SP WIDTH="11" VPOS="1048" HPOS="967"/>
							<String ID="string_85" HPOS="978" VPOS="1047" WIDTH="73" HEIGHT="25" WC="0.96" CONTENT="while"/><SP WIDTH="10" VPOS="1047" HPOS="1051"/>
							<String ID="string_86" HPOS="1061" VPOS="1052" WIDTH="23" HEIGHT="20" WC="0.96" CONTENT="at"/><SP WIDTH="9" VPOS="1052" HPOS="1084"/>
							<String ID="string_87" HPOS="1093" VPOS="1047" WIDTH="40" HEIGHT="25" WC="0.96" CONTENT="the"/><SP WIDTH="10" VPOS="1047" HPOS="1133"/>
							<String ID="string_88" HPOS="1143" VPOS="1054" WIDTH="67" HEIGHT="18" WC="0.96" CONTENT="same"/><SP WIDTH="10" VPOS="1054" HPOS="1210"/>
							<String ID="string_89" HPOS="1220" VPOS="1047" WIDTH="59" HEIGHT="25" WC="0.97" CONTENT="time"/><SP WIDTH="10" VPOS="1047" HPOS="1279"/>
							<String ID="string_90" HPOS="1289" VPOS="1047" WIDTH="137" HEIGHT="31" WC="0.96" CONTENT="increasing"/>
						</TextLine>
						<TextLine ID="line_12" HPOS="238" VPOS="1087" WIDTH="1175" HEIGHT="36">
							<String ID="string_91" HPOS="238" VPOS="1091" WIDTH="92" HEIGHT="25" WC="0.96" CONTENT="overall"/><SP WIDTH="11" VPOS="1091" HPOS="330"/>
							<String ID="string_92" HPOS="341" VPOS="1094" WIDTH="159" HEIGHT="29" WC="0.96" CONTENT="government"/><SP WIDTH="10" VPOS="1094" HPOS="500"/>
							<String ID="string_93" HPOS="510" VPOS="1089" WIDTH="120" HEIGHT="33" WC="0.96" CONTENT="spending"/><SP WIDTH="10" VPOS="1089" HPOS="630"/>
							<String ID="string_94" HPOS="640" VPOS="1088" WIDTH="32" HEIGHT="32" WC="0.96" CONTENT="by"/><SP WIDTH="14" VPOS="1088" HPOS="672"/>
							<String ID="string_95" HPOS="686" VPOS="1089" WIDTH="61" HEIGHT="25" WC="0.96" CONTENT="12%."/><SP WIDTH="20" VPOS="1089" HPOS="747"/>
							<String ID="string_96" HPOS="767" VPOS="1088" WIDTH="45" HEIGHT="26" WC="0.96" CONTENT="For"/><SP WIDTH="9" VPOS="1088" HPOS="812"/>
							<String ID="string_97" HPOS="821" VPOS="1088" WIDTH="118" HEIGHT="32" WC="0.96" CONTENT="example,"/><SP WIDTH="10" VPOS="1088" HPOS="939"/>
							<String ID="string_98" HPOS="949" VPOS="1088" WIDTH="125" HEIGHT="25" WC="0.96" CONTENT="Medicare"/><SP WIDTH="10" VPOS="1088" HPOS="1074"/>
							<String ID="string_99" HPOS="1084" VPOS="1088" WIDTH="119" HEIGHT="32" WC="0.96" CONTENT="spending"/><SP WIDTH="10" VPOS="1088" HPOS="1203"/>
							<String ID="string_100" HPOS="1213" VPOS="1095" WIDTH="42" HEIGHT="24" WC="0.96" CONTENT="per"/><SP WIDTH="9" VPOS="1095" HPOS="1255"/>
							<String ID="string_101" HPOS="1264" VPOS="1095" WIDTH="89" HEIGHT="24" WC="0.96" CONTENT="person"/><SP WIDTH="10" VPOS="1095" HPOS="1353"/>
							<String ID="string_102" HPOS="1363" VPOS="1087" WIDTH="50" HEIGHT="25" WC="0.96" CONTENT="will"/>
						</TextLine>
						<TextLine ID="line_13" HPOS="252" VPOS="1128" WIDTH="1131" HEIGHT="33">
							<String ID="string_103" HPOS="252" VPOS="1132" WIDTH="108" HEIGHT="25" WC="0.96" CONTENT="increase"/><SP WIDTH="10" VPOS="1132" HPOS="360"/>
							<String ID="string_104" HPOS="370" VPOS="1136" WIDTH="23" HEIGHT="20" WC="0.96" CONTENT="at"/><SP WIDTH="9" VPOS="1136" HPOS="393"/>
							<String ID="string_105" HPOS="402" VPOS="1139" WIDTH="31" HEIGHT="17" WC="0.96" CONTENT="an"/><SP WIDTH="10" VPOS="1139" HPOS="433"/>
							<String ID="string_106" HPOS="443" VPOS="1130" WIDTH="87" HEIGHT="25" WC="0.96" CONTENT="annual"/><SP WIDTH="11" VPOS="1130" HPOS="530"/>
							<String ID="string_107" HPOS="541" VPOS="1135" WIDTH="49" HEIGHT="20" WC="0.96" CONTENT="rate"/><SP WIDTH="10" VPOS="1135" HPOS="590"/>
							<String ID="string_108" HPOS="600" VPOS="1129" WIDTH="30" HEIGHT="26" WC="0.96" CONTENT="of"/><SP WIDTH="6" VPOS="1129" HPOS="630"/>
							<String ID="string_109" HPOS="636" VPOS="1129" WIDTH="75" HEIGHT="26" WC="0.96" CONTENT="6.2%."/><SP WIDTH="27" VPOS="1129" HPOS="711"/>
							<String ID="string_110" HPOS="738" VPOS="1129" WIDTH="54" HEIGHT="25" WC="0.93" CONTENT="The"/><SP WIDTH="10" VPOS="1129" HPOS="792"/>
							<String ID="string_111" HPOS="802" VPOS="1129" WIDTH="157" HEIGHT="32" WC="0.91" CONTENT="Dole/Kemp"/><SP WIDTH="11" VPOS="1129" HPOS="959"/>
							<String ID="string_112" HPOS="970" VPOS="1132" WIDTH="42" HEIGHT="22" WC="0.96" CONTENT="tax"/><SP WIDTH="10" VPOS="1132" HPOS="1012"/>
							<String ID="string_113" HPOS="1022" VPOS="1132" WIDTH="56" HEIGHT="21" WC="0.96" CONTENT="cuts"/><SP WIDTH="10" VPOS="1132" HPOS="1078"/>
							<String ID="string_114" HPOS="1088" VPOS="1136" WIDTH="45" HEIGHT="17" WC="0.96" CONTENT="are"/><SP WIDTH="10" VPOS="1136" HPOS="1133"/>
							<String ID="string_115" HPOS="1143" VPOS="1128" WIDTH="108" HEIGHT="32" WC="0.96" CONTENT="entirely"/><SP WIDTH="10" VPOS="1128" HPOS="1251"/>
							<String ID="string_116" HPOS="1261" VPOS="1128" WIDTH="62" HEIGHT="32" WC="0.96" CONTENT="paid"/><SP WIDTH="11" VPOS="1128" HPOS="1323"/>
							<String ID="string_117" HPOS="1334" VPOS="1128" WIDTH="49" HEIGHT="25" WC="0.96" CONTENT="for."/>
						</TextLine>
					</TextBlock>
				</ComposedBlock>
				<ComposedBlock ID="cblock_6" HPOS="250" VPOS="1209" WIDTH="1153" HEIGHT="76">
					<TextBlock ID="block_9" HPOS="250" VPOS="1209" WIDTH="1153" HEIGHT="76">
						<TextLine ID="line_14" HPOS="250" VPOS="1209" WIDTH="1153" HEIGHT="35">
							<String ID="string_118" HPOS="250" VPOS="1214" WIDTH="26" HEIGHT="24" WC="0.94" CONTENT="In"/><SP WIDTH="10" VPOS="1214" HPOS="276"/>
							<String ID="string_119" HPOS="286" VPOS="1217" WIDTH="80" HEIGHT="21" WC="0.94" CONTENT="recent"/><SP WIDTH="10" VPOS="1217" HPOS="366"/>
							<String ID="string_120" HPOS="376" VPOS="1219" WIDTH="77" HEIGHT="25" WC="0.96" CONTENT="years,"/><SP WIDTH="11" VPOS="1219" HPOS="453"/>
							<String ID="string_121" HPOS="464" VPOS="1211" WIDTH="152" HEIGHT="32" WC="0.96" CONTENT="Republican"/><SP WIDTH="9" VPOS="1211" HPOS="616"/>
							<String ID="string_122" HPOS="625" VPOS="1211" WIDTH="138" HEIGHT="25" WC="0.96" CONTENT="Governors"/><SP WIDTH="9" VPOS="1211" HPOS="763"/>
							<String ID="string_123" HPOS="772" VPOS="1210" WIDTH="144" HEIGHT="32" WC="0.96" CONTENT="throughout"/><SP WIDTH="9" VPOS="1210" HPOS="916"/>
							<String ID="string_124" HPOS="925" VPOS="1210" WIDTH="47" HEIGHT="25" WC="0.96" CONTENT="this"/><SP WIDTH="10" VPOS="1210" HPOS="972"/>
							<String ID="string_125" HPOS="982" VPOS="1214" WIDTH="100" HEIGHT="27" WC="0.96" CONTENT="country"/><SP WIDTH="10" VPOS="1214" HPOS="1082"/>
							<String ID="string_126" HPOS="1092" VPOS="1209" WIDTH="61" HEIGHT="25" WC="0.97" CONTENT="have"/><SP WIDTH="10" VPOS="1209" HPOS="1153"/>
							<String ID="string_127" HPOS="1163" VPOS="1209" WIDTH="180" HEIGHT="25" WC="0.96" CONTENT="demonstrated"/><SP WIDTH="10" VPOS="1209" HPOS="1343"/>
							<String ID="string_128" HPOS="1353" VPOS="1209" WIDTH="50" HEIGHT="25" WC="0.96" CONTENT="that"/>
						</TextLine>
						<TextLine ID="line_15" HPOS="369" VPOS="1250" WIDTH="910" HEIGHT="35">
							<String ID="string_129" HPOS="369" VPOS="1252" WIDTH="130" HEIGHT="31" WC="0.96" CONTENT="balancing"/><SP WIDTH="9" VPOS="1252" HPOS="499"/>
							<String ID="string_130" HPOS="508" VPOS="1252" WIDTH="40" HEIGHT="24" WC="0.96" CONTENT="the"/><SP WIDTH="11" VPOS="1252" HPOS="548"/>
							<String ID="string_131" HPOS="559" VPOS="1251" WIDTH="90" HEIGHT="32" WC="0.96" CONTENT="budget"/><SP WIDTH="9" VPOS="1251" HPOS="649"/>
							<String ID="string_132" HPOS="658" VPOS="1251" WIDTH="47" HEIGHT="24" WC="0.96" CONTENT="and"/><SP WIDTH="9" VPOS="1251" HPOS="705"/>
							<String ID="string_133" HPOS="714" VPOS="1251" WIDTH="90" HEIGHT="31" WC="0.96" CONTENT="cutting"/><SP WIDTH="9" VPOS="1251" HPOS="804"/>
							<String ID="string_134" HPOS="813" VPOS="1255" WIDTH="66" HEIGHT="30" WC="0.96" CONTENT="taxes"/><SP WIDTH="10" VPOS="1255" HPOS="879"/>
							<String ID="string_135" HPOS="889" VPOS="1258" WIDTH="45" HEIGHT="17" WC="0.96" CONTENT="can"/><SP WIDTH="9" VPOS="1258" HPOS="934"/>
							<String ID="string_136" HPOS="943" VPOS="1250" WIDTH="30" HEIGHT="25" WC="0.97" CONTENT="be"/><SP WIDTH="10" VPOS="1250" HPOS="973"/>
							<String ID="string_137" HPOS="983" VPOS="1250" WIDTH="63" HEIGHT="25" WC="0.96" CONTENT="done"/><SP WIDTH="9" VPOS="1250" HPOS="1046"/>
							<String ID="string_138" HPOS="1055" VPOS="1255" WIDTH="24" HEIGHT="20" WC="0.96" CONTENT="at"/><SP WIDTH="9" VPOS="1255" HPOS="1079"/>
							<String ID="string_139" HPOS="1088" VPOS="1250" WIDTH="39" HEIGHT="24" WC="0.96" CONTENT="the"/><SP WIDTH="10" VPOS="1250" HPOS="1127"/>
							<String ID="string_140" HPOS="1137" VPOS="1257" WIDTH="67" HEIGHT="18" WC="0.96" CONTENT="same"/><SP WIDTH="10" VPOS="1257" HPOS="1204"/>
							<String ID="string_141" HPOS="1214" VPOS="1250" WIDTH="65" HEIGHT="24" WC="0.96" CONTENT="time."/>
						</TextLine>
					</TextBlock>
				</ComposedBlock>
				<ComposedBlock ID="cblock_7" HPOS="224" VPOS="1329" WIDTH="1201" HEIGHT="107">
					<TextBlock ID="block_10" HPOS="224" VPOS="1329" WIDTH="1201" HEIGHT="107">
						<TextLine ID="line_16" HPOS="224" VPOS="1329" WIDTH="1201" HEIGHT="35">
							<String ID="string_142" HPOS="224" VPOS="1334" WIDTH="74" HEIGHT="28" WC="0.96" CONTENT="Thus,"/><SP WIDTH="10" VPOS="1334" HPOS="298"/>
							<String ID="string_143" HPOS="308" VPOS="1333" WIDTH="59" HEIGHT="25" WC="0.96" CONTENT="with"/><SP WIDTH="9" VPOS="1333" HPOS="367"/>
							<String ID="string_144" HPOS="376" VPOS="1340" WIDTH="15" HEIGHT="17" WC="0.96" CONTENT="a"/><SP WIDTH="9" VPOS="1340" HPOS="391"/>
							<String ID="string_145" HPOS="400" VPOS="1332" WIDTH="150" HEIGHT="32" WC="0.96" CONTENT="pro-growth"/><SP WIDTH="10" VPOS="1332" HPOS="550"/>
							<String ID="string_146" HPOS="560" VPOS="1331" WIDTH="151" HEIGHT="32" WC="0.96" CONTENT="Republican"/><SP WIDTH="9" VPOS="1331" HPOS="711"/>
							<String ID="string_147" HPOS="720" VPOS="1331" WIDTH="128" HEIGHT="31" WC="0.96" CONTENT="Congress,"/><SP WIDTH="10" VPOS="1331" HPOS="848"/>
							<String ID="string_148" HPOS="858" VPOS="1330" WIDTH="127" HEIGHT="32" WC="0.96" CONTENT="balancing"/><SP WIDTH="10" VPOS="1330" HPOS="985"/>
							<String ID="string_149" HPOS="995" VPOS="1330" WIDTH="39" HEIGHT="25" WC="0.96" CONTENT="the"/><SP WIDTH="9" VPOS="1330" HPOS="1034"/>
							<String ID="string_150" HPOS="1043" VPOS="1329" WIDTH="90" HEIGHT="32" WC="0.96" CONTENT="budget"/><SP WIDTH="9" VPOS="1329" HPOS="1133"/>
							<String ID="string_151" HPOS="1142" VPOS="1329" WIDTH="73" HEIGHT="25" WC="0.96" CONTENT="while"/><SP WIDTH="10" VPOS="1329" HPOS="1215"/>
							<String ID="string_152" HPOS="1225" VPOS="1330" WIDTH="92" HEIGHT="30" WC="0.96" CONTENT="cutting"/><SP WIDTH="10" VPOS="1330" HPOS="1317"/>
							<String ID="string_153" HPOS="1327" VPOS="1334" WIDTH="67" HEIGHT="20" WC="0.96" CONTENT="taxes"/><SP WIDTH="11" VPOS="1334" HPOS="1394"/>
							<String ID="string_154" HPOS="1405" VPOS="1329" WIDTH="20" HEIGHT="24" WC="0.96" CONTENT="is"/>
						</TextLine>
						<TextLine ID="line_17" HPOS="410" VPOS="1369" WIDTH="825" HEIGHT="35">
							<String ID="string_155" HPOS="410" VPOS="1372" WIDTH="51" HEIGHT="32" WC="0.96" CONTENT="just"/><SP WIDTH="10" VPOS="1372" HPOS="461"/>
							<String ID="string_156" HPOS="471" VPOS="1380" WIDTH="14" HEIGHT="16" WC="0.95" CONTENT="a"/><SP WIDTH="9" VPOS="1380" HPOS="485"/>
							<String ID="string_157" HPOS="494" VPOS="1376" WIDTH="85" HEIGHT="20" WC="0.95" CONTENT="matter"/><SP WIDTH="9" VPOS="1376" HPOS="579"/>
							<String ID="string_158" HPOS="588" VPOS="1371" WIDTH="31" HEIGHT="25" WC="0.95" CONTENT="of"/><SP WIDTH="5" VPOS="1371" HPOS="619"/>
							<String ID="string_159" HPOS="624" VPOS="1371" WIDTH="153" HEIGHT="32" WC="0.95" CONTENT="presidential"/><SP WIDTH="9" VPOS="1371" HPOS="777"/>
							<String ID="string_160" HPOS="786" VPOS="1371" WIDTH="57" HEIGHT="24" WC="0.96" CONTENT="will."/><SP WIDTH="20" VPOS="1371" HPOS="843"/>
							<String ID="string_161" HPOS="863" VPOS="1370" WIDTH="24" HEIGHT="25" WC="0.96" CONTENT="If"/><SP WIDTH="5" VPOS="1370" HPOS="887"/>
							<String ID="string_162" HPOS="892" VPOS="1378" WIDTH="49" HEIGHT="24" WC="0.96" CONTENT="you"/><SP WIDTH="9" VPOS="1378" HPOS="941"/>
							<String ID="string_163" HPOS="950" VPOS="1370" WIDTH="61" HEIGHT="25" WC="0.96" CONTENT="have"/><SP WIDTH="10" VPOS="1370" HPOS="1011"/>
							<String ID="string_164" HPOS="1021" VPOS="1370" WIDTH="25" HEIGHT="29" WC="0.95" CONTENT="it,"/><SP WIDTH="10" VPOS="1370" HPOS="1046"/>
							<String ID="string_165" HPOS="1056" VPOS="1377" WIDTH="49" HEIGHT="24" WC="0.96" CONTENT="you"/><SP WIDTH="9" VPOS="1377" HPOS="1105"/>
							<String ID="string_166" HPOS="1114" VPOS="1377" WIDTH="45" HEIGHT="17" WC="0.95" CONTENT="can"/><SP WIDTH="10" VPOS="1377" HPOS="1159"/>
							<String ID="string_167" HPOS="1169" VPOS="1369" WIDTH="32" HEIGHT="25" WC="0.95" CONTENT="do"/><SP WIDTH="10" VPOS="1369" HPOS="1201"/>
							<String ID="string_168" HPOS="1211" VPOS="1369" WIDTH="24" HEIGHT="25" WC="0.95" CONTENT="it."/>
						</TextLine>
						<TextLine ID="line_18" HPOS="579" VPOS="1409" WIDTH="492" HEIGHT="27">
							<String ID="string_169" HPOS="579" VPOS="1411" WIDTH="54" HEIGHT="25" WC="0.96" CONTENT="Bob"/><SP WIDTH="10" VPOS="1411" HPOS="633"/>
							<String ID="string_170" HPOS="643" VPOS="1411" WIDTH="63" HEIGHT="25" WC="0.96" CONTENT="Dole"/><SP WIDTH="10" VPOS="1411" HPOS="706"/>
							<String ID="string_171" HPOS="716" VPOS="1411" WIDTH="42" HEIGHT="24" WC="0.95" CONTENT="has"/><SP WIDTH="10" VPOS="1411" HPOS="758"/>
							<String ID="string_172" HPOS="768" VPOS="1411" WIDTH="23" HEIGHT="24" WC="0.95" CONTENT="it."/><SP WIDTH="20" VPOS="1411" HPOS="791"/>
							<String ID="string_173" HPOS="811" VPOS="1410" WIDTH="53" HEIGHT="25" WC="0.96" CONTENT="Bob"/><SP WIDTH="9" VPOS="1410" HPOS="864"/>
							<String ID="string_174" HPOS="873" VPOS="1410" WIDTH="63" HEIGHT="25" WC="0.96" CONTENT="Dole"/><SP WIDTH="9" VPOS="1410" HPOS="936"/>
							<String ID="string_175" HPOS="945" VPOS="1410" WIDTH="50" HEIGHT="25" WC="0.96" CONTENT="will"/><SP WIDTH="10" VPOS="1410" HPOS="995"/>
							<String ID="string_176" HPOS="1005" VPOS="1410" WIDTH="32" HEIGHT="25" WC="0.94" CONTENT="do"/><SP WIDTH="11" VPOS="1410" HPOS="1037"/>
							<String ID="string_177" HPOS="1048" VPOS="1409" WIDTH="23" HEIGHT="25" WC="0.94" CONTENT="it."/>
						</TextLine>
					</TextBlock>
				</ComposedBlock>
				<ComposedBlock ID="cblock_8" HPOS="208" VPOS="1488" WIDTH="1235" HEIGHT="115">
					<TextBlock ID="block_11" HPOS="208" VPOS="1488" WIDTH="1235" HEIGHT="115">
						<TextLine ID="line_19" HPOS="229" VPOS="1488" WIDTH="1193" HEIGHT="35">
							<String ID="string_178" HPOS="229" VPOS="1493" WIDTH="100" HEIGHT="25" WC="0.96" CONTENT="Months"/><SP WIDTH="10" VPOS="1493" HPOS="329"/>
							<String ID="string_179" HPOS="339" VPOS="1492" WIDTH="61" HEIGHT="25" WC="0.96" CONTENT="after"/><SP WIDTH="9" VPOS="1492" HPOS="400"/>
							<String ID="string_180" HPOS="409" VPOS="1492" WIDTH="83" HEIGHT="31" WC="0.96" CONTENT="taking"/><SP WIDTH="9" VPOS="1492" HPOS="492"/>
							<String ID="string_181" HPOS="501" VPOS="1491" WIDTH="85" HEIGHT="29" WC="0.96" CONTENT="office,"/><SP WIDTH="11" VPOS="1491" HPOS="586"/>
							<String ID="string_182" HPOS="597" VPOS="1491" WIDTH="49" HEIGHT="25" WC="0.94" CONTENT="Bill"/><SP WIDTH="10" VPOS="1491" HPOS="646"/>
							<String ID="string_183" HPOS="656" VPOS="1491" WIDTH="98" HEIGHT="25" WC="0.96" CONTENT="Clinton"/><SP WIDTH="9" VPOS="1491" HPOS="754"/>
							<String ID="string_184" HPOS="763" VPOS="1490" WIDTH="86" HEIGHT="32" WC="0.96" CONTENT="passed"/><SP WIDTH="9" VPOS="1490" HPOS="849"/>
							<String ID="string_185" HPOS="858" VPOS="1490" WIDTH="39" HEIGHT="25" WC="0.96" CONTENT="the"/><SP WIDTH="10" VPOS="1490" HPOS="897"/>
							<String ID="string_186" HPOS="907" VPOS="1490" WIDTH="87" HEIGHT="31" WC="0.95" CONTENT="largest"/><SP WIDTH="9" VPOS="1490" HPOS="994"/>
							<String ID="string_187" HPOS="1003" VPOS="1494" WIDTH="39" HEIGHT="20" WC="0.95" CONTENT="tax"/><SP WIDTH="10" VPOS="1494" HPOS="1042"/>
							<String ID="string_188" HPOS="1052" VPOS="1489" WIDTH="107" HEIGHT="25" WC="0.96" CONTENT="increase"/><SP WIDTH="9" VPOS="1489" HPOS="1159"/>
							<String ID="string_189" HPOS="1168" VPOS="1489" WIDTH="47" HEIGHT="25" WC="0.96" CONTENT="this"/><SP WIDTH="11" VPOS="1489" HPOS="1215"/>
							<String ID="string_190" HPOS="1226" VPOS="1488" WIDTH="77" HEIGHT="25" WC="0.96" CONTENT="world"/><SP WIDTH="9" VPOS="1488" HPOS="1303"/>
							<String ID="string_191" HPOS="1312" VPOS="1488" WIDTH="43" HEIGHT="25" WC="0.96" CONTENT="has"/><SP WIDTH="11" VPOS="1488" HPOS="1355"/>
							<String ID="string_192" HPOS="1366" VPOS="1496" WIDTH="56" HEIGHT="17" WC="0.96" CONTENT="ever"/>
						</TextLine>
						<TextLine ID="line_20" HPOS="208" VPOS="1528" WIDTH="1235" HEIGHT="35">
							<String ID="string_193" HPOS="208" VPOS="1541" WIDTH="64" HEIGHT="17" WC="0.96" CONTENT="seen."/><SP WIDTH="19" VPOS="1541" HPOS="272"/>
							<String ID="string_194" HPOS="291" VPOS="1533" WIDTH="72" HEIGHT="29" WC="0.96" CONTENT="Now,"/><SP WIDTH="10" VPOS="1533" HPOS="363"/>
							<String ID="string_195" HPOS="373" VPOS="1533" WIDTH="31" HEIGHT="24" WC="0.96" CONTENT="he"/><SP WIDTH="10" VPOS="1533" HPOS="404"/>
							<String ID="string_196" HPOS="414" VPOS="1539" WIDTH="56" HEIGHT="24" WC="0.96" CONTENT="says"/><SP WIDTH="10" VPOS="1539" HPOS="470"/>
							<String ID="string_197" HPOS="480" VPOS="1531" WIDTH="54" HEIGHT="25" WC="0.93" CONTENT="he’s"/><SP WIDTH="10" VPOS="1531" HPOS="534"/>
							<String ID="string_198" HPOS="544" VPOS="1531" WIDTH="149" HEIGHT="31" WC="0.93" CONTENT="unalterably"/><SP WIDTH="10" VPOS="1531" HPOS="693"/>
							<String ID="string_199" HPOS="703" VPOS="1530" WIDTH="108" HEIGHT="32" WC="0.96" CONTENT="opposed"/><SP WIDTH="8" VPOS="1530" HPOS="811"/>
							<String ID="string_200" HPOS="819" VPOS="1535" WIDTH="25" HEIGHT="20" WC="0.96" CONTENT="to"/><SP WIDTH="9" VPOS="1535" HPOS="844"/>
							<String ID="string_201" HPOS="853" VPOS="1530" WIDTH="91" HEIGHT="32" WC="0.96" CONTENT="cutting"/><SP WIDTH="9" VPOS="1530" HPOS="944"/>
							<String ID="string_202" HPOS="953" VPOS="1534" WIDTH="67" HEIGHT="21" WC="0.96" CONTENT="taxes"/><SP WIDTH="10" VPOS="1534" HPOS="1020"/>
							<String ID="string_203" HPOS="1030" VPOS="1529" WIDTH="38" HEIGHT="25" WC="0.96" CONTENT="for"/><SP WIDTH="9" VPOS="1529" HPOS="1068"/>
							<String ID="string_204" HPOS="1077" VPOS="1529" WIDTH="31" HEIGHT="25" WC="0.96" CONTENT="all"/><SP WIDTH="10" VPOS="1529" HPOS="1108"/>
							<String ID="string_205" HPOS="1118" VPOS="1529" WIDTH="143" HEIGHT="25" WC="0.96" CONTENT="Americans"/><SP WIDTH="10" VPOS="1529" HPOS="1261"/>
							<String ID="string_206" HPOS="1271" VPOS="1528" WIDTH="47" HEIGHT="25" WC="0.96" CONTENT="and"/><SP WIDTH="10" VPOS="1528" HPOS="1318"/>
							<String ID="string_207" HPOS="1328" VPOS="1528" WIDTH="43" HEIGHT="25" WC="0.96" CONTENT="has"/><SP WIDTH="10" VPOS="1528" HPOS="1371"/>
							<String ID="string_208" HPOS="1381" VPOS="1536" WIDTH="62" HEIGHT="17" WC="0.96" CONTENT="even"/>
						</TextLine>
						<TextLine ID="line_21" HPOS="537" VPOS="1569" WIDTH="575" HEIGHT="34">
							<String ID="string_209" HPOS="537" VPOS="1571" WIDTH="105" HEIGHT="32" WC="0.96" CONTENT="rejected"/><SP WIDTH="10" VPOS="1571" HPOS="642"/>
							<String ID="string_210" HPOS="652" VPOS="1579" WIDTH="14" HEIGHT="16" WC="0.96" CONTENT="a"/><SP WIDTH="8" VPOS="1579" HPOS="666"/>
							<String ID="string_211" HPOS="674" VPOS="1571" WIDTH="46" HEIGHT="24" WC="0.96" CONTENT="“no"/><SP WIDTH="10" VPOS="1571" HPOS="720"/>
							<String ID="string_212" HPOS="730" VPOS="1578" WIDTH="54" HEIGHT="17" WC="0.96" CONTENT="new"/><SP WIDTH="8" VPOS="1578" HPOS="784"/>
							<String ID="string_213" HPOS="792" VPOS="1570" WIDTH="81" HEIGHT="25" WC="0.96" CONTENT="taxes”"/><SP WIDTH="9" VPOS="1570" HPOS="873"/>
							<String ID="string_214" HPOS="882" VPOS="1577" WIDTH="56" HEIGHT="18" WC="0.96" CONTENT="vow"/><SP WIDTH="10" VPOS="1577" HPOS="938"/>
							<String ID="string_215" HPOS="948" VPOS="1569" WIDTH="22" HEIGHT="26" WC="0.96" CONTENT="if"/><SP WIDTH="6" VPOS="1569" HPOS="970"/>
							<String ID="string_216" HPOS="976" VPOS="1569" WIDTH="136" HEIGHT="26" WC="0.96" CONTENT="re-elected."/>
						</TextLine>
					</TextBlock>
				</ComposedBlock>
				<ComposedBlock ID="cblock_9" HPOS="235" VPOS="1648" WIDTH="1180" HEIGHT="154">
					<TextBlock ID="block_12" HPOS="235" VPOS="1648" WIDTH="1180" HEIGHT="154">
						<TextLine ID="line_22" HPOS="235" VPOS="1648" WIDTH="1180" HEIGHT="35">
							<String ID="string_217" HPOS="235" VPOS="1653" WIDTH="49" HEIGHT="24" WC="0.96" CONTENT="The"/><SP WIDTH="11" VPOS="1653" HPOS="284"/>
							<String ID="string_218" HPOS="295" VPOS="1653" WIDTH="100" HEIGHT="24" WC="0.96" CONTENT="Clinton"/><SP WIDTH="9" VPOS="1653" HPOS="395"/>
							<String ID="string_219" HPOS="404" VPOS="1659" WIDTH="121" HEIGHT="24" WC="0.96" CONTENT="economy"/><SP WIDTH="10" VPOS="1659" HPOS="525"/>
							<String ID="string_220" HPOS="535" VPOS="1651" WIDTH="44" HEIGHT="25" WC="0.95" CONTENT="has"/><SP WIDTH="9" VPOS="1651" HPOS="579"/>
							<String ID="string_221" HPOS="588" VPOS="1651" WIDTH="63" HEIGHT="25" WC="0.96" CONTENT="been"/><SP WIDTH="9" VPOS="1651" HPOS="651"/>
							<String ID="string_222" HPOS="660" VPOS="1650" WIDTH="130" HEIGHT="32" WC="0.96" CONTENT="sputtering"/><SP WIDTH="9" VPOS="1650" HPOS="790"/>
							<String ID="string_223" HPOS="799" VPOS="1650" WIDTH="71" HEIGHT="32" WC="0.96" CONTENT="along"/><SP WIDTH="10" VPOS="1650" HPOS="870"/>
							<String ID="string_224" HPOS="880" VPOS="1654" WIDTH="23" HEIGHT="20" WC="0.96" CONTENT="at"/><SP WIDTH="8" VPOS="1654" HPOS="903"/>
							<String ID="string_225" HPOS="911" VPOS="1657" WIDTH="15" HEIGHT="17" WC="0.96" CONTENT="a"/><SP WIDTH="8" VPOS="1657" HPOS="926"/>
							<String ID="string_226" HPOS="934" VPOS="1650" WIDTH="76" HEIGHT="31" WC="0.95" CONTENT="paltry"/><SP WIDTH="9" VPOS="1650" HPOS="1010"/>
							<String ID="string_227" HPOS="1019" VPOS="1656" WIDTH="102" HEIGHT="24" WC="0.96" CONTENT="average"/><SP WIDTH="9" VPOS="1656" HPOS="1121"/>
							<String ID="string_228" HPOS="1130" VPOS="1648" WIDTH="31" HEIGHT="25" WC="0.93" CONTENT="of"/><SP WIDTH="5" VPOS="1648" HPOS="1161"/>
							<String ID="string_229" HPOS="1166" VPOS="1649" WIDTH="91" HEIGHT="24" WC="0.92" CONTENT="2.4%--"/><SP WIDTH="9" VPOS="1649" HPOS="1257"/>
							<String ID="string_230" HPOS="1266" VPOS="1648" WIDTH="40" HEIGHT="25" WC="0.96" CONTENT="the"/><SP WIDTH="10" VPOS="1648" HPOS="1306"/>
							<String ID="string_231" HPOS="1316" VPOS="1648" WIDTH="99" HEIGHT="25" WC="0.96" CONTENT="slowest"/>
						</TextLine>
						<TextLine ID="line_23" HPOS="370" VPOS="1689" WIDTH="902" HEIGHT="34">
							<String ID="string_232" HPOS="370" VPOS="1692" WIDTH="94" HEIGHT="31" WC="0.96" CONTENT="growth"/><SP WIDTH="9" VPOS="1692" HPOS="464"/>
							<String ID="string_233" HPOS="473" VPOS="1691" WIDTH="30" HEIGHT="25" WC="0.96" CONTENT="of"/><SP WIDTH="6" VPOS="1691" HPOS="503"/>
							<String ID="string_234" HPOS="509" VPOS="1699" WIDTH="47" HEIGHT="23" WC="0.96" CONTENT="any"/><SP WIDTH="10" VPOS="1699" HPOS="556"/>
							<String ID="string_235" HPOS="566" VPOS="1698" WIDTH="115" HEIGHT="24" WC="0.96" CONTENT="recovery"/><SP WIDTH="10" VPOS="1698" HPOS="681"/>
							<String ID="string_236" HPOS="691" VPOS="1690" WIDTH="24" HEIGHT="25" WC="0.96" CONTENT="in"/><SP WIDTH="9" VPOS="1690" HPOS="715"/>
							<String ID="string_237" HPOS="724" VPOS="1690" WIDTH="39" HEIGHT="25" WC="0.96" CONTENT="the"/><SP WIDTH="9" VPOS="1690" HPOS="763"/>
							<String ID="string_238" HPOS="772" VPOS="1694" WIDTH="52" HEIGHT="28" WC="0.96" CONTENT="past"/><SP WIDTH="12" VPOS="1694" HPOS="824"/>
							<String ID="string_239" HPOS="836" VPOS="1690" WIDTH="44" HEIGHT="25" WC="0.96" CONTENT="100"/><SP WIDTH="10" VPOS="1690" HPOS="880"/>
							<String ID="string_240" HPOS="890" VPOS="1697" WIDTH="75" HEIGHT="24" WC="0.96" CONTENT="years."/><SP WIDTH="19" VPOS="1697" HPOS="965"/>
							<String ID="string_241" HPOS="984" VPOS="1689" WIDTH="50" HEIGHT="25" WC="0.96" CONTENT="The"/><SP WIDTH="9" VPOS="1689" HPOS="1034"/>
							<String ID="string_242" HPOS="1043" VPOS="1696" WIDTH="121" HEIGHT="24" WC="0.96" CONTENT="economy"/><SP WIDTH="10" VPOS="1696" HPOS="1164"/>
							<String ID="string_243" HPOS="1174" VPOS="1696" WIDTH="65" HEIGHT="24" WC="0.96" CONTENT="grew"/><SP WIDTH="9" VPOS="1696" HPOS="1239"/>
							<String ID="string_244" HPOS="1248" VPOS="1692" WIDTH="24" HEIGHT="21" WC="0.97" CONTENT="at"/>
						</TextLine>
						<TextLine ID="line_24" HPOS="320" VPOS="1728" WIDTH="1001" HEIGHT="36">
							<String ID="string_245" HPOS="320" VPOS="1740" WIDTH="14" HEIGHT="17" WC="0.82" CONTENT="a"/><SP WIDTH="9" VPOS="1740" HPOS="334"/>
							<String ID="string_246" HPOS="343" VPOS="1737" WIDTH="48" HEIGHT="20" WC="0.82" CONTENT="rate"/><SP WIDTH="10" VPOS="1737" HPOS="391"/>
							<String ID="string_247" HPOS="401" VPOS="1731" WIDTH="31" HEIGHT="26" WC="0.96" CONTENT="of"/><SP WIDTH="6" VPOS="1731" HPOS="432"/>
							<String ID="string_248" HPOS="438" VPOS="1732" WIDTH="68" HEIGHT="25" WC="0.96" CONTENT="3.7%"/><SP WIDTH="9" VPOS="1732" HPOS="506"/>
							<String ID="string_249" HPOS="515" VPOS="1731" WIDTH="40" HEIGHT="25" WC="0.97" CONTENT="the"/><SP WIDTH="10" VPOS="1731" HPOS="555"/>
							<String ID="string_250" HPOS="565" VPOS="1735" WIDTH="94" HEIGHT="28" WC="0.96" CONTENT="quarter"/><SP WIDTH="9" VPOS="1735" HPOS="659"/>
							<String ID="string_251" HPOS="668" VPOS="1730" WIDTH="82" HEIGHT="25" WC="0.96" CONTENT="before"/><SP WIDTH="9" VPOS="1730" HPOS="750"/>
							<String ID="string_252" HPOS="759" VPOS="1730" WIDTH="98" HEIGHT="25" WC="0.96" CONTENT="Clinton"/><SP WIDTH="8" VPOS="1730" HPOS="857"/>
							<String ID="string_253" HPOS="865" VPOS="1729" WIDTH="58" HEIGHT="26" WC="0.93" CONTENT="took"/><SP WIDTH="9" VPOS="1729" HPOS="923"/>
							<String ID="string_254" HPOS="932" VPOS="1729" WIDTH="82" HEIGHT="25" WC="0.96" CONTENT="office."/><SP WIDTH="20" VPOS="1729" HPOS="1014"/>
							<String ID="string_255" HPOS="1034" VPOS="1729" WIDTH="136" HEIGHT="35" WC="0.96" CONTENT="Moreover,"/><SP WIDTH="11" VPOS="1729" HPOS="1170"/>
							<String ID="string_256" HPOS="1181" VPOS="1728" WIDTH="48" HEIGHT="25" WC="0.96" CONTENT="real"/><SP WIDTH="10" VPOS="1728" HPOS="1229"/>
							<String ID="string_257" HPOS="1239" VPOS="1735" WIDTH="82" HEIGHT="24" WC="0.96" CONTENT="wages"/>
						</TextLine>
						<TextLine ID="line_25" HPOS="486" VPOS="1768" WIDTH="660" HEIGHT="34">
							<String ID="string_258" HPOS="486" VPOS="1772" WIDTH="61" HEIGHT="24" WC="0.96" CONTENT="have"/><SP WIDTH="11" VPOS="1772" HPOS="547"/>
							<String ID="string_259" HPOS="558" VPOS="1770" WIDTH="124" HEIGHT="32" WC="0.96" CONTENT="stagnated"/><SP WIDTH="9" VPOS="1770" HPOS="682"/>
							<String ID="string_260" HPOS="691" VPOS="1770" WIDTH="84" HEIGHT="31" WC="0.96" CONTENT="during"/><SP WIDTH="9" VPOS="1770" HPOS="775"/>
							<String ID="string_261" HPOS="784" VPOS="1770" WIDTH="39" HEIGHT="24" WC="0.96" CONTENT="the"/><SP WIDTH="10" VPOS="1770" HPOS="823"/>
							<String ID="string_262" HPOS="833" VPOS="1770" WIDTH="98" HEIGHT="25" WC="0.96" CONTENT="Clinton"/><SP WIDTH="9" VPOS="1770" HPOS="931"/>
							<String ID="string_263" HPOS="940" VPOS="1768" WIDTH="206" HEIGHT="26" WC="0.96" CONTENT="Administration."/>
						</TextLine>
					</TextBlock>
				</ComposedBlock>
				<ComposedBlock ID="cblock_10" HPOS="220" VPOS="1847" WIDTH="1210" HEIGHT="76">
					<TextBlock ID="block_13" HPOS="220" VPOS="1847" WIDTH="1210" HEIGHT="76">
						<TextLine ID="line_26" HPOS="220" VPOS="1847" WIDTH="1210" HEIGHT="34">
							<String ID="string_264" HPOS="220" VPOS="1852" WIDTH="48" HEIGHT="25" WC="0.96" CONTENT="Bill"/><SP WIDTH="10" VPOS="1852" HPOS="268"/>
							<String ID="string_265" HPOS="278" VPOS="1852" WIDTH="100" HEIGHT="25" WC="0.96" CONTENT="Clinton"/><SP WIDTH="9" VPOS="1852" HPOS="378"/>
							<String ID="string_266" HPOS="387" VPOS="1852" WIDTH="21" HEIGHT="24" WC="0.96" CONTENT="is"/><SP WIDTH="9" VPOS="1852" HPOS="408"/>
							<String ID="string_267" HPOS="417" VPOS="1851" WIDTH="131" HEIGHT="30" WC="0.96" CONTENT="obviously"/><SP WIDTH="11" VPOS="1851" HPOS="548"/>
							<String ID="string_268" HPOS="559" VPOS="1850" WIDTH="110" HEIGHT="25" WC="0.96" CONTENT="satisfied"/><SP WIDTH="9" VPOS="1850" HPOS="669"/>
							<String ID="string_269" HPOS="678" VPOS="1849" WIDTH="58" HEIGHT="25" WC="0.96" CONTENT="with"/><SP WIDTH="8" VPOS="1849" HPOS="736"/>
							<String ID="string_270" HPOS="744" VPOS="1849" WIDTH="39" HEIGHT="25" WC="0.96" CONTENT="the"/><SP WIDTH="10" VPOS="1849" HPOS="783"/>
							<String ID="string_271" HPOS="793" VPOS="1854" WIDTH="73" HEIGHT="20" WC="0.96" CONTENT="status"/><SP WIDTH="9" VPOS="1854" HPOS="866"/>
							<String ID="string_272" HPOS="875" VPOS="1857" WIDTH="55" HEIGHT="23" WC="0.96" CONTENT="quo."/><SP WIDTH="20" VPOS="1857" HPOS="930"/>
							<String ID="string_273" HPOS="950" VPOS="1849" WIDTH="53" HEIGHT="24" WC="0.96" CONTENT="Bob"/><SP WIDTH="10" VPOS="1849" HPOS="1003"/>
							<String ID="string_274" HPOS="1013" VPOS="1848" WIDTH="62" HEIGHT="25" WC="0.96" CONTENT="Dole"/><SP WIDTH="10" VPOS="1848" HPOS="1075"/>
							<String ID="string_275" HPOS="1085" VPOS="1852" WIDTH="76" HEIGHT="20" WC="0.96" CONTENT="wants"/><SP WIDTH="9" VPOS="1852" HPOS="1161"/>
							<String ID="string_276" HPOS="1170" VPOS="1852" WIDTH="25" HEIGHT="20" WC="0.96" CONTENT="to"/><SP WIDTH="10" VPOS="1852" HPOS="1195"/>
							<String ID="string_277" HPOS="1205" VPOS="1847" WIDTH="74" HEIGHT="25" WC="0.96" CONTENT="allow"/><SP WIDTH="8" VPOS="1847" HPOS="1279"/>
							<String ID="string_278" HPOS="1287" VPOS="1847" WIDTH="143" HEIGHT="24" WC="0.96" CONTENT="Americans"/>
						</TextLine>
						<TextLine ID="line_27" HPOS="247" VPOS="1887" WIDTH="1137" HEIGHT="36">
							<String ID="string_279" HPOS="247" VPOS="1897" WIDTH="24" HEIGHT="20" WC="0.96" CONTENT="to"/><SP WIDTH="11" VPOS="1897" HPOS="271"/>
							<String ID="string_280" HPOS="282" VPOS="1892" WIDTH="61" HEIGHT="31" WC="0.95" CONTENT="keep"/><SP WIDTH="10" VPOS="1892" HPOS="343"/>
							<String ID="string_281" HPOS="353" VPOS="1899" WIDTH="67" HEIGHT="17" WC="0.96" CONTENT="more"/><SP WIDTH="10" VPOS="1899" HPOS="420"/>
							<String ID="string_282" HPOS="430" VPOS="1890" WIDTH="30" HEIGHT="25" WC="0.96" CONTENT="of"/><SP WIDTH="6" VPOS="1890" HPOS="460"/>
							<String ID="string_283" HPOS="466" VPOS="1891" WIDTH="64" HEIGHT="24" WC="0.96" CONTENT="what"/><SP WIDTH="9" VPOS="1891" HPOS="530"/>
							<String ID="string_284" HPOS="539" VPOS="1890" WIDTH="57" HEIGHT="31" WC="0.96" CONTENT="they"/><SP WIDTH="9" VPOS="1890" HPOS="596"/>
							<String ID="string_285" HPOS="605" VPOS="1897" WIDTH="56" HEIGHT="17" WC="0.96" CONTENT="earn"/><SP WIDTH="10" VPOS="1897" HPOS="661"/>
							<String ID="string_286" HPOS="671" VPOS="1889" WIDTH="46" HEIGHT="25" WC="0.96" CONTENT="and"/><SP WIDTH="9" VPOS="1889" HPOS="717"/>
							<String ID="string_287" HPOS="726" VPOS="1893" WIDTH="24" HEIGHT="21" WC="0.96" CONTENT="to"/><SP WIDTH="10" VPOS="1893" HPOS="750"/>
							<String ID="string_288" HPOS="760" VPOS="1889" WIDTH="82" HEIGHT="31" WC="0.96" CONTENT="spend,"/><SP WIDTH="11" VPOS="1889" HPOS="842"/>
							<String ID="string_289" HPOS="853" VPOS="1889" WIDTH="84" HEIGHT="28" WC="0.96" CONTENT="invest,"/><SP WIDTH="10" VPOS="1889" HPOS="937"/>
							<String ID="string_290" HPOS="947" VPOS="1896" WIDTH="27" HEIGHT="17" WC="0.96" CONTENT="or"/><SP WIDTH="8" VPOS="1896" HPOS="974"/>
							<String ID="string_291" HPOS="982" VPOS="1888" WIDTH="32" HEIGHT="25" WC="0.96" CONTENT="do"/><SP WIDTH="10" VPOS="1888" HPOS="1014"/>
							<String ID="string_292" HPOS="1024" VPOS="1888" WIDTH="120" HEIGHT="25" WC="0.96" CONTENT="whatever"/><SP WIDTH="8" VPOS="1888" HPOS="1144"/>
							<String ID="string_293" HPOS="1152" VPOS="1887" WIDTH="56" HEIGHT="31" WC="0.96" CONTENT="they"/><SP WIDTH="10" VPOS="1887" HPOS="1208"/>
							<String ID="string_294" HPOS="1218" VPOS="1891" WIDTH="64" HEIGHT="20" WC="0.96" CONTENT="want"/><SP WIDTH="9" VPOS="1891" HPOS="1282"/>
							<String ID="string_295" HPOS="1291" VPOS="1887" WIDTH="59" HEIGHT="24" WC="0.96" CONTENT="with"/><SP WIDTH="11" VPOS="1887" HPOS="1350"/>
							<String ID="string_296" HPOS="1361" VPOS="1887" WIDTH="23" HEIGHT="24" WC="0.96" CONTENT="it."/>
						</TextLine>
					</TextBlock>
				</ComposedBlock>
				<ComposedBlock ID="cblock_11" HPOS="48" VPOS="2083" WIDTH="960" HEIGHT="75">
					<TextBlock ID="block_14" HPOS="48" VPOS="2083" WIDTH="960" HEIGHT="75">
						<TextLine ID="line_28" HPOS="48" VPOS="2083" WIDTH="916" HEIGHT="29">
							<String ID="string_297" HPOS="48" VPOS="2083" WIDTH="138" HEIGHT="22" WC="0.96" CONTENT="Authorized"/><SP WIDTH="8" VPOS="2083" HPOS="186"/>
							<String ID="string_298" HPOS="194" VPOS="2084" WIDTH="45" HEIGHT="21" WC="0.96" CONTENT="and"/><SP WIDTH="9" VPOS="2084" HPOS="239"/>
							<String ID="string_299" HPOS="248" VPOS="2083" WIDTH="52" HEIGHT="29" WC="0.96" CONTENT="paid"/><SP WIDTH="9" VPOS="2083" HPOS="300"/>
							<String ID="string_300" HPOS="309" VPOS="2083" WIDTH="34" HEIGHT="22" WC="0.96" CONTENT="for"/><SP WIDTH="7" VPOS="2083" HPOS="343"/>
							<String ID="string_301" HPOS="350" VPOS="2084" WIDTH="30" HEIGHT="28" WC="0.93" CONTENT="by"/><SP WIDTH="9" VPOS="2084" HPOS="380"/>
							<String ID="string_302" HPOS="389" VPOS="2084" WIDTH="147" HEIGHT="28" WC="0.91" CONTENT="Dole/Kemp"/><SP WIDTH="11" VPOS="2084" HPOS="536"/>
							<String ID="string_303" HPOS="547" VPOS="2084" WIDTH="39" HEIGHT="23" WC="0.77" CONTENT="‘96,"/><SP WIDTH="10" VPOS="2084" HPOS="586"/>
							<String ID="string_304" HPOS="596" VPOS="2084" WIDTH="80" HEIGHT="21" WC="0.93" CONTENT="Robert"/><SP WIDTH="9" VPOS="2084" HPOS="676"/>
							<String ID="string_305" HPOS="685" VPOS="2084" WIDTH="20" HEIGHT="21" WC="0.92" CONTENT="E."/><SP WIDTH="11" VPOS="2084" HPOS="705"/>
							<String ID="string_306" HPOS="716" VPOS="2084" WIDTH="127" HEIGHT="28" WC="0.92" CONTENT="Lighthizer,"/><SP WIDTH="9" VPOS="2084" HPOS="843"/>
							<String ID="string_307" HPOS="852" VPOS="2084" WIDTH="112" HEIGHT="21" WC="0.96" CONTENT="Treasurer"/>
						</TextLine>
						<TextLine ID="line_29" HPOS="49" VPOS="2130" WIDTH="959" HEIGHT="28">
							<String ID="string_308" HPOS="49" VPOS="2130" WIDTH="39" HEIGHT="21" WC="0.96" CONTENT="810"/><SP WIDTH="9" VPOS="2130" HPOS="88"/>
							<String ID="string_309" HPOS="97" VPOS="2130" WIDTH="53" HEIGHT="21" WC="0.97" CONTENT="First"/><SP WIDTH="7" VPOS="2130" HPOS="150"/>
							<String ID="string_310" HPOS="157" VPOS="2130" WIDTH="74" HEIGHT="23" WC="0.96" CONTENT="Street,"/><SP WIDTH="10" VPOS="2130" HPOS="231"/>
							<String ID="string_311" HPOS="241" VPOS="2130" WIDTH="118" HEIGHT="20" WC="0.92" CONTENT="Northeast"/><SP WIDTH="11" VPOS="2130" HPOS="359"/>
							<String ID="string_312" HPOS="370" VPOS="2135" WIDTH="10" HEIGHT="10" WC="0.61" CONTENT="¢"/><SP WIDTH="11" VPOS="2135" HPOS="380"/>
							<String ID="string_313" HPOS="391" VPOS="2130" WIDTH="60" HEIGHT="21" WC="0.96" CONTENT="Suite"/><SP WIDTH="9" VPOS="2130" HPOS="451"/>
							<String ID="string_314" HPOS="460" VPOS="2131" WIDTH="40" HEIGHT="20" WC="0.92" CONTENT="300"/><SP WIDTH="16" VPOS="2131" HPOS="500"/>
							<String ID="string_315" HPOS="516" VPOS="2135" WIDTH="5" HEIGHT="10" WC="0.45" CONTENT="¢"/><SP WIDTH="12" VPOS="2135" HPOS="521"/>
							<String ID="string_316" HPOS="533" VPOS="2130" WIDTH="151" HEIGHT="28" WC="0.96" CONTENT="Washington,"/><SP WIDTH="10" VPOS="2130" HPOS="684"/>
							<String ID="string_317" HPOS="694" VPOS="2130" WIDTH="37" HEIGHT="21" WC="0.96" CONTENT="DC"/><SP WIDTH="10" VPOS="2130" HPOS="731"/>
							<String ID="string_318" HPOS="741" VPOS="2130" WIDTH="66" HEIGHT="21" WC="0.93" CONTENT="20002"/><SP WIDTH="9" VPOS="2130" HPOS="807"/>
							<String ID="string_319" HPOS="816" VPOS="2126" WIDTH="6" HEIGHT="36" WC="0.63" CONTENT="¢"/><SP WIDTH="17" VPOS="2126" HPOS="822"/>
							<String ID="string_320" HPOS="839" VPOS="2130" WIDTH="57" HEIGHT="24" WC="0.96" CONTENT="(202)"/><SP WIDTH="8" VPOS="2130" HPOS="896"/>
							<String ID="string_321" HPOS="904" VPOS="2130" WIDTH="104" HEIGHT="21" WC="0.96" CONTENT="414-6400"/>
						</TextLine>
					</TextBlock>
				</ComposedBlock>
			</PrintSpace>
		</Page>
	</Layout>
</alto>
