747 1832
125 112 140 32 Republicans
273 113 75 31 passed
357 123 12 15 a
377 114 38 24 law
424 116 120 30 protecting
551 116 71 23 senior

125 152 85 23 citizens
219 151 49 25 who
278 152 55 24 wish
344 158 21 18 to
375 152 45 24 live
430 154 23 22 in
464 154 102 23 “seniors
576 153 67 32 only”

125 191 160 23 communities
295 191 44 24 and
351 191 157 31 Republicans
518 201 38 15 are
566 192 97 31 fighting

125 234 21 18 to
157 228 59 32 keep
226 229 68 31 drugs
304 230 44 24 and
359 230 89 24 alcohol
459 236 38 19 out
506 231 25 24 of
539 231 78 31 public

125 267 98 32 housing
232 268 34 24 for
274 270 96 23 seniors.

124 340 141 31 Republicans
273 350 37 14 are
318 341 95 32 working
421 347 22 18 to
450 351 49 15 save
507 342 106 24 Medicare
622 342 55 24 from

125 378 133 32 bankruptey
268 379 45 24 and
323 380 77 31 giving
409 381 88 23 seniors
508 390 60 14 more
578 380 94 25 choices

125 418 22 23 in
158 417 285 33 healtheare—including
453 419 37 24 the
500 419 81 24 choice
592 425 21 19 to

125 456 59 31 keep
193 456 89 32 exactly
292 456 38 25 the
340 466 63 15 same
413 457 61 32 plan,
485 467 110 23 coverage
604 458 45 24 and

125 495 89 24 doctors
225 495 51 32 they
287 496 57 24 have
355 506 53 14 now.

125 568 139 31 Republicans
272 578 37 14 are
318 570 94 30 creating
418 569 47 31 jobs
473 569 42 24 and
524 571 138 30 opportunity

125 606 107 32 including
241 606 37 24 the
288 606 82 32 largest
381 608 86 30 private
477 613 75 18 sector
558 608 41 31 job

125 646 99 23 creation
235 645 40 24 bill
288 647 21 22 in
321 646 92 24 modern
424 646 138 25 times—the

125 683 251 25 telecommunications
387 684 48 25 bill.

124 756 140 31 Republicans
273 757 63 24 made
345 757 72 24 health
426 767 48 14 care
482 767 60 14 more
550 758 120 24 affordable

125 794 33 24 for
168 794 99 25 millions
277 795 25 24 of
309 795 176 32 self-employed
496 805 85 15 women

125 833 94 31 through
229 843 13 14 a
253 840 132 25 permanent
396 834 175 32 self-employed
582 834 77 25 health

124 882 52 14 care
186 872 133 29 deduction,
329 873 105 31 allowing
444 873 60 24 them
515 879 21 18 to
546 874 84 24 deduct
640 875 30 23 30

124 916 93 26 percent
228 911 24 24 of
259 911 60 24 their
328 911 76 25 health
415 913 122 23 insurance
547 922 25 14 as
582 922 13 15 a

124 949 108 25 business
242 959 108 22 expense.

124 1022 140 31 Republicans
272 1032 37 14 are
317 1024 82 30 getting
407 1023 65 31 tough
480 1033 27 14 on
516 1024 139 23 criminals—

125 1060 91 32 making
227 1062 14 23 it
252 1061 82 24 harder
343 1062 33 23 for
386 1061 59 25 them
457 1067 21 19 to
488 1071 27 22 go
526 1062 46 24 free
581 1072 29 14 on

124 1099 176 25 technicalities.
312 1100 158 31 Republicans
480 1110 38 15 are
528 1101 99 31 working

124 1138 52 24 with
186 1138 37 24 the
234 1144 69 19 states
314 1145 21 18 to
345 1149 83 14 ensure
438 1139 47 25 that
495 1139 85 25 violent

124 1177 116 24 criminals
251 1187 64 15 serve
325 1184 23 18 at
358 1178 56 24 least
424 1179 31 23 85
465 1184 93 25 percent
568 1178 24 24 of
600 1178 59 25 their

124 1222 117 22 sentence,
251 1216 45 25 and
307 1222 21 19 to
338 1217 61 24 force
409 1217 117 24 criminals
537 1223 21 18 to
568 1227 43 22 pay
621 1218 41 24 full

124 1256 126 23 restitution
261 1261 22 18 to
293 1255 59 24 their
360 1257 98 23 victims.

73 1327 31 23 12.
123 1327 140 31 Republicans
271 1337 37 14 are
317 1329 119 30 protecting
444 1328 96 24 children
550 1328 28 31 by

122 1367 96 30 passing
227 1375 13 15 a
250 1366 40 24 law
301 1367 130 31 increasing
441 1366 113 32 penalties
564 1367 33 23 for
606 1366 63 25 child

124 1405 187 31 pornographers.

180 1721 40 16 Paid
227 1721 31 16 For
265 1722 22 21 By
293 1722 35 16 The
334 1722 91 16 California
433 1722 103 22 Republican
543 1723 48 22 Party
