1689 2187
716 96 119 27 xwK

565 156 187 75 DOLE
782 159 208 75 KEMP

558 318 405 45 AGRICULTURE

304 429 98 29 Birt
425 429 187 31 Crinton
635 432 77 29 Has
733 433 154 31 Wacepo
907 445 17 19 a
946 436 97 29 WaR
1063 445 48 20 ON
1132 446 73 21 THE
1228 439 116 30 WEST

406 477 75 29 How
493 487 56 20 CAN
562 487 40 21 WE
614 488 105 21 AFFORD
730 489 36 20 TO
778 490 90 21 TRUST
880 491 53 20 HIM
945 491 75 21 FOUR
1032 492 80 21 MORE
1125 486 106 29 YEARS?

438 604 134 28 Appointed
577 600 11 41 a
605 605 110 30 left-wing
723 606 122 23 extremist
854 613 25 16 as
889 607 125 30 Secretary
1023 608 28 23 of
1057 609 39 23 the
1106 609 102 24 Interior

251 678 47 23 “To
308 678 34 23 his
353 678 124 29 (Secretary
486 679 28 23 of
520 679 35 23 the
565 680 89 23 Interior
662 680 67 24 Bruce
739 681 120 30 Babbitt’s]
869 682 82 27 critics,
959 683 28 23 he
996 690 78 17 comes
1084 691 74 17 across
1167 692 24 17 as
1201 693 12 16 a
1222 682 166 39 self-righteous

361 716 79 25 zealot,
451 717 95 30 pushing
555 724 26 16 an
591 718 65 23 urban
665 718 172 24 environmental
848 720 84 29 agenda
940 727 29 16 on
979 721 126 24 traditional
1115 723 55 23 rural
1180 724 100 29 people.”

585 755 40 23 The
634 756 51 22 New
697 755 52 24 York
759 756 69 24 Times
838 757 123 30 Magazine,
973 758 83 23 8/1/93.

265 828 38 23 “In
313 828 35 23 the
359 829 68 25 West,
437 829 80 29 people
526 830 42 22 and
577 830 158 25 communities.
745 831 170 30 unfortunately,
924 839 37 16 are
971 839 38 17 not
1018 839 47 24 part
1073 833 28 24 of
1108 834 109 25 Babbitt’s
1226 838 147 27 ecosystem.”

599 867 40 23 The
649 868 70 29 Rocky
726 869 118 23 Mountain
853 869 68 25 News,
933 870 98 23 8/29/93.

232 940 87 23 “These
330 940 50 23 land
390 948 39 16 use
438 941 94 24 reforms
543 942 49 23 look
603 942 42 23 like
654 949 25 16 an
689 943 76 23 all-out
773 944 84 23 assault
865 951 29 16 on
904 944 35 23 the
949 944 62 24 West
1020 945 43 23 and
1072 946 51 22 how
1132 947 79 29 people
1220 954 51 17 earn
1280 955 13 16 a
1303 948 69 30 living
1383 949 20 23 in

248 978 36 22 the
295 978 82 22 West.”
393 978 97 23 Senator
498 979 46 23 Ben
552 979 131 30 Nighthorse
691 980 116 30 Campbell
816 981 91 28 (D-CO)
918 984 117 23 interview,
1047 983 108 23 National
1160 984 100 24 Journal,
1274 986 10 22 1
1289 986 95 23 1/13/93.

597 1054 106 29 Rejected
713 1054 132 24 California
853 1060 74 19 water
935 1057 106 23 transfer

223 1126 48 23 The
280 1126 91 23 Clinton
381 1127 183 23 Administration
573 1129 102 22 canceled
683 1136 13 15 a
703 1129 47 23 deal
760 1129 73 30 begun
844 1130 98 23 between
951 1130 125 24 California
1085 1132 42 23 and
1136 1132 35 23 the
1182 1133 59 23 Bush

224 1163 186 23 Administration
420 1169 21 17 to
451 1164 93 23 transfer
552 1165 35 23 the
596 1165 84 23 Central
690 1166 76 29 Valley
776 1166 86 30 Project
870 1171 23 19 to
902 1171 54 19 state
965 1168 94 26 control,
1069 1168 76 30 giving
1154 1169 148 24 Californians
1312 1171 84 23 control

224 1207 55 16 over
287 1200 37 23 the
334 1200 80 30 largest
423 1201 71 29 single
504 1206 66 18 water
578 1202 78 30 supply
665 1202 20 24 in
694 1209 38 17 our
740 1208 61 18 state:

248 1274 49 23 “He
307 1274 109 29 [Clinton]
427 1275 94 29 stopped
529 1275 120 24 California
658 1276 54 23 from
720 1276 90 31 gaining
819 1272 85 29 control
913 1277 28 24 of
946 1277 37 23 the
993 1278 80 29 largest
1082 1284 66 18 water
1156 1280 80 29 supply
1246 1280 20 23 in
1275 1281 37 22 the
1321 1285 62 22 state,

235 1311 96 29 keeping
342 1311 15 23 it
366 1311 22 23 in
397 1311 36 23 the
443 1311 69 24 hands
521 1312 27 23 of
555 1312 79 24 federal
644 1313 154 24 bureaucrats--
807 1321 26 16 so
844 1314 151 30 Washington,
1005 1319 39 19 not
1052 1315 129 28 California,
1191 1316 45 23 will
1245 1317 78 23 decide
1333 1317 64 23 when

418 1348 43 23 and
470 1348 51 23 how
530 1349 64 23 much
604 1355 64 17 water
676 1357 38 16 our
722 1350 91 24 farmers
822 1351 43 23 and
873 1358 40 16 our
921 1351 102 30 growing
1031 1351 64 24 cities
1103 1352 46 23 will
1158 1353 57 29 get.”

372 1385 118 23 Governor
498 1386 53 23 Pete
562 1386 83 25 Wilson,
657 1387 100 23 Remarks
766 1392 22 18 to
797 1387 127 30 California
931 1388 140 30 Republican
1079 1389 71 29 Party,
1163 1390 94 23 9/30/95.

475 1491 142 35 ‘Expanded
627 1498 38 22 the
674 1498 66 23 reach
749 1498 28 23 of
783 1499 39 23 the
831 1499 156 29 Endangered
997 1499 94 30 Species
1100 1502 44 21 Act

224 1569 65 23 After
298 1576 13 16 a
319 1570 302 30 congressionally-imposed
630 1572 100 29 yearlong
739 1572 142 24 moratorium
890 1580 29 16 on
929 1572 76 30 listing
1013 1573 139 30 endangered
1161 1574 92 29 species,
1262 1575 37 23 the
1308 1575 90 23 Clinton

225 1607 185 22 Administration
419 1607 39 22 has
468 1608 80 22 started
557 1608 116 30 reviewing
682 1609 39 23 243
732 1609 106 29 species--
849 1609 112 30 including
973 1610 40 22 122
1025 1610 21 22 in
1054 1610 142 23 California--
1206 1610 35 24 for
1250 1611 80 30 listing.

224 1643 73 23 These
307 1643 86 29 species
402 1643 75 23 would
486 1651 65 16 come
560 1651 27 16 on
597 1649 36 25 top
641 1645 27 23 of
673 1645 162 29 already-listed
844 1646 92 30 species,
947 1646 44 23 like
1000 1646 36 23 the
1046 1646 56 29 fairy
1110 1647 90 29 shrimp,
1209 1648 73 22 which
1290 1655 42 16 can
1341 1648 28 23 be

226 1679 70 23 found
307 1679 20 23 in
337 1679 80 24 almost
426 1687 66 22 every
502 1681 52 22 mud
563 1681 78 29 puddle
650 1682 41 23 and
699 1682 101 29 drainage
809 1682 60 24 ditch
880 1683 20 23 in
907 1683 110 23 Northern
1026 1682 129 24 California:

226 1752 139 24 “California
373 1753 154 24 homeowners
537 1754 54 22 have
600 1755 54 22 been
663 1755 100 23 thwarted
773 1755 28 29 by
810 1756 36 23 the
856 1756 143 29 Endangered
1008 1756 91 29 Species
1109 1758 42 21 Act
1159 1756 45 23 that
1213 1761 48 25 puts
1271 1757 35 22 the
1316 1756 86 29 spotted

290 1790 51 26 owl,
351 1790 111 29 kangaroo
472 1795 32 18 rat
512 1791 42 22 and
563 1791 34 22 the
608 1791 53 29 fairy
670 1792 78 28 shrimp
757 1792 71 23 ahead
836 1792 28 23 of
869 1792 169 24 Californians
1048 1793 42 22 and
1099 1798 101 24 property
1209 1800 86 16 owners
1304 1800 36 15 are

227 1826 136 29 demanding
372 1826 91 29 change.
482 1827 114 25 However,
606 1828 106 22 Clinton's
722 1828 112 29 Secretary
843 1829 28 23 of
877 1830 34 22 the
921 1829 96 26 Interior,
1028 1829 70 23 Bruce
1108 1829 94 26 Babbitt,
1212 1830 76 26 stated,
1299 1829 17 23 ‘I
1326 1829 29 23 do
1365 1834 37 17 not

365 1869 37 16 see
412 1869 42 22 any
464 1863 56 23 need
529 1868 21 18 to
559 1865 77 22 amend
645 1864 34 23 the
689 1864 39 23 law
737 1864 94 24 because
841 1866 7 22 I
858 1865 60 23 think
927 1865 36 23 the
972 1870 35 18 act
1017 1865 17 23 is
1044 1870 38 18 not
1090 1866 36 22 the
1135 1866 130 29 problem.”

583 1900 91 29 Raleigh
682 1901 61 22 News
751 1901 47 22 and
806 1901 114 25 Observer,
934 1902 10 22 |
949 1901 95 23 1/23/93.

21 2092 134 21 Authorized
165 2092 43 21 and
218 2094 52 26 paid
281 2093 32 21 tor
322 2094 28 27 by
360 2094 144 30 Dole/Kemp
516 2096 37 22 '96,
564 2096 76 22 Robert
649 2097 19 22 E.
678 2098 125 28 Lighthizer,
812 2098 112 22 Treasurer

21 2138 37 20 310
69 2137 50 22 First
127 2137 74 23 Street,
211 2139 118 21 Northeast
341 2145 9 10 *
361 2140 59 21 Suite
429 2141 39 21 300
480 2147 9 10 *
501 2142 146 29 Washington,
658 2144 35 21 DC
702 2145 65 20 20002
778 2150 10 10 ©
799 2145 57 23 (202)
865 2146 103 21 414-6400
