1684 2203
843 80 117 43 BOB

681 137 115 82 7
843 133 175 50 DOLE

753 196 42 23 OR
809 193 208 25 PRESIDENT.

755 258 76 31 BOB
846 257 104 30 DOLE

253 353 162 26 COMMON
428 353 101 26 SENSE
542 354 262 26 CONSERVATIVE

255 437 156 32 Recognized
423 427 23 34 as
458 444 45 17 one
514 436 29 26 of
549 445 43 17 our
603 428 103 34 nation’s
718 437 113 25 foremost
841 436 106 33 political
960 435 96 33 figures.
1068 436 100 26 Senator
1178 437 52 26 Bob
1242 438 60 25 Dole
1313 439 40 24 has
1365 446 13 17 a

253 478 179 32 distinguished
443 478 82 25 record
535 477 30 26 of
571 478 80 32 public
663 478 90 25 service
764 478 47 25 that
820 477 42 26 has
872 477 71 25 made
947 472 12 43 a
976 476 131 26 difference
1119 477 36 25 for
1166 478 117 25 America.

254 562 35 23 As
300 567 14 17 a
324 559 121 26 wounded
455 560 46 25 and
512 560 126 25 decorated
648 559 96 33 combat
754 564 93 20 veteran
856 557 30 26 of
894 558 82 25 World
988 558 54 26 War
1052 558 26 29 II,
1090 558 53 26 Bob
1155 558 61 26 Dole
1226 567 64 24 grew
1301 567 29 25 up
1341 567 31 18 on
1383 560 39 25 the

254 601 79 32 plains
344 600 31 26 of
382 606 101 20 western
494 600 99 26 Kansas.
612 600 58 26 This
680 607 113 19 common
802 606 69 20 sense
880 599 167 26 conservative
1059 599 61 26 from
1130 600 135 26 America’s
1277 600 120 26 heartland

255 642 42 26 has
309 642 47 26 had
367 642 162 33 unparalleled
538 642 141 32 experience
689 649 25 18 as
725 642 85 26 Senate
820 640 113 33 Majority
944 640 97 28 Leader,
1051 640 130 26 Chairman
1190 640 31 27 of
1227 642 38 25 the
1275 642 86 25 Senate

256 683 106 26 Finance
372 683 153 28 Committee,
536 690 14 18 a
558 683 125 25 candidate
695 682 35 26 for
740 682 126 26 President,
876 681 38 25 his
924 681 90 32 party’s
1025 681 112 26 nominee
1147 681 37 26 for
1194 682 60 25 Vice
1265 682 128 27 President,
1403 690 15 17 a

255 723 112 25 member
376 723 30 25 of
413 723 37 24 the
460 723 83 25 House
552 722 30 25 of
589 722 213 32 Representatives,
812 722 38 24 the
859 721 131 25 Chairman
999 720 30 25 of
1035 721 39 25 the
1083 721 149 32 Republican
1243 722 74 31 Party,
1328 730 13 16 a
1351 728 60 19 state

256 761 133 32 legislator,
400 762 46 24 and
455 769 14 17 a
478 767 88 25 county
576 767 113 25 attorney.

258 841 215 26 LEADERSHIP

258 923 126 26 President
395 924 95 32 Reagan
500 924 51 26 said
561 923 30 26 of
598 924 98 25 Senator
707 923 60 26 Dole
777 923 47 25 that
833 922 58 26 “His
902 922 50 25 title
961 920 30 26 of
998 921 88 26 Leader
1097 921 19 26 is
1130 927 37 20 not
1178 916 44 44 just
1233 930 11 17 a
1252 922 44 32 job
1307 922 55 28 title,
1375 922 40 25 it’s
1426 929 13 18 a

257 964 151 32 description
417 963 29 26 of
453 965 38 24 the
502 964 77 25 man.”
598 964 121 25 President
729 963 65 26 Bush
803 968 61 19 went
873 970 32 17 on
915 967 24 20 to
948 961 46 25 call
1005 961 99 25 Senator
1113 962 63 24 Dole
1185 962 29 24 “a
1223 968 65 25 great
1298 962 148 32 Republican

259 1003 100 27 Leader.
371 1011 26 18 as
407 1009 64 27 great
480 1011 26 18 as
516 1011 45 24 any
572 1003 24 26 in
606 1004 38 25 the
654 1003 74 33 past.”
747 1002 51 27 Bob
808 1002 60 26 Dole
879 1001 20 26 is
908 1001 57 32 only
975 1008 47 18 one
1030 1000 31 26 of
1070 1001 25 25 15
1107 1001 142 26 Americans
1258 1009 56 18 ever
1323 1007 22 20 to
1356 1009 69 18 serve

260 1051 26 19 as
297 1044 89 26 Senate
396 1044 113 32 Majority
519 1044 97 29 Leader,
626 1044 46 25 and
682 1044 36 25 his
729 1043 51 26 first
788 1043 55 26 stint
852 1042 24 26 in
886 1042 49 26 that
943 1041 105 33 position
1058 1041 24 26 in
1091 1041 40 26 the
1140 1041 150 26 mid-1980"s
1300 1049 54 18 won

261 1085 107 25 national
380 1085 82 32 praise.
481 1085 50 25 The
541 1084 191 33 Congressional
742 1082 125 34 Quarterly
875 1082 64 26 cited
948 1082 100 26 Senator
1057 1081 62 26 Dole
1128 1089 26 18 as
1164 1081 88 33 having
1262 1082 103 32 “proved
1375 1090 13 17 a

262 1125 68 32 point
340 1126 50 24 that
400 1125 70 32 badly
480 1125 92 25 needed
581 1125 101 32 proving
691 1130 23 19 at
723 1125 39 25 the
771 1124 62 25 time.
851 1122 50 27 The
911 1122 86 27 Senate
1006 1122 71 25 could
1087 1122 30 25 be
1127 1121 61 26 led.”

263 1206 103 26 Senator
376 1206 84 26 Dole’s
470 1206 170 26 effectiveness
649 1213 26 18 as
685 1213 14 18 a
707 1203 234 28 consensus-builder
949 1202 47 27 and
1005 1203 36 25 his
1051 1202 165 26 commitment
1226 1208 23 20 to
1259 1203 57 25 both
1325 1202 84 26 deficit

263 1247 127 25 reduction
400 1247 46 25 and
455 1247 125 25 economic
590 1246 92 33 growth
691 1246 61 25 have
760 1244 84 27 earned
853 1244 50 26 him
912 1243 125 26 accolades
1048 1242 61 27 from
1119 1243 37 26 his
1165 1250 68 25 peers
1243 1256 20 6 -
1273 1242 169 33 Republicans,

265 1287 184 32 Independents.
458 1287 47 25 and
516 1287 138 26 Democrats
664 1286 69 26 alike.
752 1286 38 26 On
800 1286 62 25 issue
871 1284 60 26 after
940 1284 71 28 issue,
1021 1283 99 26 Senator
1129 1283 62 26 Dole
1201 1283 19 26 is
1230 1290 15 18 a
1253 1288 127 21 statesman

264 1327 56 25 who
331 1327 43 25 has
386 1327 68 25 made
464 1327 36 25 his
511 1326 72 26 mark.
603 1328 22 24 A
634 1333 85 25 survey
729 1325 130 26 conducted
868 1325 31 31 by
910 1324 39 26 the
959 1323 49 26 Des
1017 1324 94 25 Muines
1121 1323 108 33 Register
1237 1322 133 26 concluded
1380 1322 49 25 that

264 1367 104 25 Senator
378 1367 61 25 Dole
449 1367 20 25 is
478 1366 90 32 “easily
578 1366 155 31 (America’s)
744 1371 61 21 most
814 1364 131 27 influential
956 1363 80 26 maker
1044 1362 30 27 of
1080 1362 60 27 farm
1150 1362 103 33 policy.”
1270 1363 99 25 Senator
1378 1362 63 25 Dole

264 1406 43 25 has
317 1407 90 25 earned
416 1406 103 26 national
529 1406 78 33 praise
617 1405 37 27 for
662 1406 37 26 his
709 1405 129 32 leadership
847 1412 32 18 on
888 1403 85 27 behalf
978 1402 30 26 of
1014 1403 38 25 the
1061 1402 186 32 disadvantaged
1256 1402 46 25 and

264 1446 145 25 Americans
420 1446 56 25 with
485 1445 150 29 disabilities,
644 1445 47 26 and
701 1445 36 26 for
745 1446 36 25 his
791 1449 100 27 mastery
900 1443 31 26 of
937 1442 92 33 foreign
1038 1442 89 26 affairs.

266 1506 207 46 SACRIFICE

268 1605 95 33 During
374 1605 81 26 World
465 1605 55 26 War
529 1605 28 30 LI,
568 1605 52 27 Bob
630 1605 61 27 Dole
701 1613 49 18 was
759 1613 14 18 a
780 1604 95 34 platoon
885 1602 79 27 leader
973 1602 24 26 in
1006 1601 38 27 the
1054 1601 125 34 legendary
1188 1601 76 26 Tenth
1274 1600 126 27 Mountain

269 1646 116 25 Division
396 1646 23 25 in
428 1646 65 31 Italy.
512 1646 36 25 He
558 1653 49 18 was
617 1645 95 33 gravely
722 1644 116 27 wounded
846 1651 32 19 on
887 1644 39 25 the
936 1641 129 27 battlefield
1075 1642 23 26 in
1111 1642 59 26 1945
1181 1642 46 25 and
1237 1641 68 25 twice
1314 1640 128 26 decorated

271 1685 37 25 for
317 1685 82 25 heroic
410 1685 169 26 achievement.
599 1685 43 26 His
651 1685 147 25 decorations
808 1683 94 26 include
911 1688 47 19 two
969 1681 82 32 Purple
1060 1682 83 25 Hearts
1152 1681 46 25 and
1207 1688 14 17 a
1231 1681 91 25 Bronze
1332 1680 52 25 Star

271 1725 57 25 with
339 1725 106 26 Oakleaf
452 1725 99 26 Cluster.

273 1806 133 26 FAMILY

274 1886 102 26 Senator
386 1886 61 25 Dole
457 1893 48 18 was
511 1861 63 60 bait
584 1885 24 26 in
618 1885 101 26 Russell.
729 1885 98 25 Kansas.
836 1883 46 25 and
892 1883 19 25 is
922 1882 98 26 married
1030 1888 22 19 to
1063 1880 119 27 Elizabeth
1193 1879 106 26 Hanford
1310 1878 60 25 Dole
1382 1877 53 25 who

276 1926 20 25 is
306 1933 32 17 on
348 1933 15 17 a
372 1926 67 24 leave
448 1925 29 25 of
484 1926 101 25 absence
596 1925 60 25 from
666 1914 36 46 her
712 1925 40 31 job
764 1931 25 18 as
799 1923 119 25 President
927 1921 29 26 of
962 1922 37 24 the
1009 1921 125 26 American
1144 1919 49 26 Red
1203 1919 80 25 Cross.
1302 1918 100 25 Senator

277 1965 63 25 Dole
350 1965 52 24 also
412 1965 41 24 has
463 1971 14 17 a
485 1964 121 32 daughter,
617 1964 85 26 Robin.
712 1964 52 24 who
775 1962 86 25 resides
871 1961 24 25 in
905 1960 160 31 Washington.
1076 1960 49 25 DC.

101 2090 136 22 Authorized
246 2090 45 21 and
300 2091 54 27 paid
364 2090 33 21 for
405 2090 28 27 by
443 2089 54 22 Dole
507 2089 32 21 for
548 2089 117 22 President,
672 2089 50 21 inc..
732 2088 76 22 Robert
817 2087 127 30 Lighthizer,
952 2085 110 23 Treasurer

101 2137 39 20 810
149 2136 52 21 First
209 2136 75 21 Street,
293 2136 121 21 Northeast
425 2141 10 10 *
444 2136 60 21 Suite
512 2135 40 21 300
563 2140 9 10 *
584 2136 147 27 Washington.
741 2134 50 22 D.C.
800 2134 65 21 20CU2
870 2128 11 40 »
896 2133 57 24 (202)
961 2132 101 21 414-6400
