736 1844
36 211 115 22 childcare.

35 277 33 25 8.
99 280 16 22 It
127 281 19 21 is
157 279 113 22 estimated
282 279 43 22 that
337 288 63 20 every
466 280 59 21 rican
536 279 72 29 family
621 279 42 22 will
675 279 26 23 be

35 315 93 23 affected
136 315 26 29 by
167 311 10 38 a
191 315 87 22 relative
287 315 49 22 bein
349 275 126 102 co
483 315 48 22 with
540 315 69 22 breast
618 324 81 14 cancer.

36 351 45 23 Bob
88 351 54 22 Dole
149 351 42 22 and
198 350 36 23 the
241 351 31 22 Re
402 359 87 21 ongress
496 350 78 30 passed
581 351 121 29 legislation

36 393 20 17 to
63 387 78 23 amend
148 386 86 23 Medica:
324 388 68 21 ations
400 392 20 17 to
428 386 86 23 include
522 386 35 23 the
564 392 110 17 treatment
682 387 23 22 of

36 423 70 23 breast
115 432 78 13 cancer
200 422 49 23 with
259 431 12 14 a
280 431 78 21 proven
367 431 78 14 cancer
453 424 100 27 stopping
561 422 58 30 drug.

35 490 33 25 9.
97 492 87 23 Thanks
197 497 21 17 to
231 492 41 22 Bill
285 492 85 22 Clinton
384 500 26 14 and-a
464 492 111 22 Democrat
589 492 112 28 Congress,

36 529 125 22 Americans
172 537 35 14 are
218 528 62 22 taxed
291 533 20 17 at
322 488 132 102 agin
463 533 43 17 rate
518 529 21 20 in
550 536 38 14 our
598 529 102 28 country’s

36 564 83 29 history.
136 564 45 23 Bob
190 564 53 22 Dole
259 572 27 14 an,
309 553 46 54 ue
387 563 101 29 publican
497 564 105 28 Congress
611 563 62 23 voted
681 569 20 17 to

36 609 84 14 reverse
129 600 101 22 Clinton’s
238 560 165 102 Gira
412 599 27 29 by
448 600 87 28 passing
544 599 35 23 the
588 600 113 22 American

35 637 40 22 Tax
82 636 72 23 Relief
158 637 40 21 Act
204 636 23 22 of
233 637 63 25 1995,
303 636 96 28 allowing
405 636 112 22 American
523 635 91 23 families
621 641 20 17 to
648 635 54 30 keep

36 681 57 13 more
101 672 24 22 of
131 672 54 22 what
194 671 48 29 they
251 680 57 14 earn.

39 739 47 25 10.
99 741 45 23 Bob
155 741 53 23 Dole
219 741 42 22 and
272 741 35 22 the
318 741 31 22 Re

36 777 63 22 relief
108 777 121 29 legislation
241 777 31 22 for

36 818 92 24 parents,
138 813 94 29 grandpa:

36 849 28 29 ily
74 849 111 23 members.

39 916 48 24 11.
99 918 72 22 Estate
182 923 59 17 taxes
252 927 35 13 are
299 923 35 17 not
345 923 59 17 taxes
454 917 35 23 gathe
501 917 93 30 wealthy,
606 917 48 30 they
666 926 34 14 are

36 960 59 17 taxes
104 963 26 13 on
140 954 35 22 the
185 954 79 22 middle
273 954 64 22 class.
346 922 118 94 Boge
471 954 42 22 and
523 954 34 22 the
567 954 134 29 Republican

36 990 106 29 Congress
154 990 78 29 passed
244 990 42 29 legi:
308 986 45 47 a
409 999 77 13 ensure
499 990 43 22 that
554 990 72 29 family
638 990 64 22 farms

36 1026 42 23 and
88 1026 72 29 family
171 1026 63 22 busin:
326 1034 26 21 ay
363 1027 20 21 in
394 1026 35 22 the
439 1026 72 29 family
521 1026 42 22 and
574 1035 35 13 are
620 1031 34 17 not
666 1031 36 24 put

236 1071 24 13 ler
276 1071 12 13 fo
297 1071 27 20 pa

36 1071 29 21 up
73 1062 32 23 for
113 1062 45 23 sale
168 1063 21 21 in
198 1062 37 22 ord
325 1071 12 20 y
346 1067 58 17 taxes
413 1067 21 17 to
443 1062 34 22 the
487 1067 141 24 government.

463 741 106 28 Congress
579 741 79 29 passed
668 746 34 17 tax

402 776 73 29 elping
487 782 20 17 to
519 785 48 14 care
579 777 32 22 for
622 776 80 29 elderly

332 812 78 29 riously
420 812 22 23 ill
452 821 90 20 spouses
551 821 23 14 or
582 812 60 23 other
650 813 51 22 fam-

39 1129 48 25 12.
99 1132 30 28 By
141 1131 35 23 the
188 1137 47 17 turn
246 1131 23 22 of
278 1131 36 23 the
325 1137 86 23 century,
457 1131 43 29 nearly
512 1131 46 23 half
567 1131 23 23 of
599 1131 28 23 all
639 1131 62 23 small

36 1167 100 23 business
146 1176 81 14 owners
236 1167 42 23 will
287 1167 27 23 be
324 1176 30 13 wo
462 1167 78 29 alizing
549 1167 43 23 that
601 1167 101 23 frivolous

36 1204 94 22 lawsuits
139 1204 42 22 and
189 1204 104 22 out-of-co,
309 1176 143 86 gui
460 1203 101 29 damages
570 1212 61 14 mean
640 1212 62 20 every

36 1239 62 23 small
108 1239 100 23 business
217 1208 106 94 nag
354 1241 74 21 awsuit
437 1248 57 20 away
503 1239 51 22 from
564 1239 136 29 bankruptcy,

37 1275 45 23 Bob
91 1275 53 23 Dole
153 1275 42 23 and
205 1275 35 23 the
283 1275 101 29 Republican
394 1276 104 28 Congress
508 1275 78 29 passed
595 1275 36 23 the
640 1276 61 22 Com-

37 1320 48 14 mon
94 1312 67 22 Sense
170 1311 90 23 Product
269 1311 99 29 Liability
377 1311 63 29 Legal
450 1311 84 23 Reform
544 1312 46 22 Act.

300 1444 82 19 SPRING
391 1445 46 17 1996

136 1474 85 24 Prepared
229 1474 21 24 by
258 1474 29 19 the
295 1474 108 24 Republican
412 1474 79 19 National
499 1475 102 18 Committee

244 1505 54 24 Office
304 1505 22 24 of
329 1505 27 18 the
364 1505 130 19 Co-Chairman

274 1536 37 18 310
317 1536 44 18 First
368 1536 61 21 Street,
436 1536 26 18 SE

259 1565 115 25 Washington,
382 1566 29 18 DC
418 1567 60 17 20003

300 1597 138 18 202-863-8545
