1720 2198
155 102 116 53 The
324 105 358 65 Republican
737 112 183 68 Party:

152 183 130 52 The

153 264 368 70 Beginning.

191 377 5 4 .
224 377 4 5 -.
240 361 22 21 [0
271 360 31 23 do
312 360 34 23 for
362 365 6 19 a
377 363 139 29 community
523 364 26 23 of
553 367 87 27 people
650 368 116 24 whatever
772 369 55 30 they

157 394 63 22 need
228 395 23 21 to
260 394 61 24 have
330 395 67 26 done,
408 396 136 26 but.cannot
551 400 31 23 do
591 403 25 21 at
623 402 34 26 all,
668 407 27 18 or
702 405 86 23 cannot
794 409 31 19 so

157 427 48 23 well
209 427 37 26 do,
254 428 35 23 for
293 429 149 27 themselves,
450 431 22 22 in
478 432 57 23 their
539 437 110 25 separate
654 437 49 23 and
707 437 119 26 individual

154 461 131 27 capacities.
302 462 23 22 In
331 463 31 22 all
367 464 49 23 that
421 465 39 23 the
465 468 87 27 people
559 472 46 19 can
611 469 140 31 individually
756 472 31 24 do
794 477 30 20 as

155 494 49 23 well
208 494 35 23 for
247 495 148 27 themselves,
402 502 153 24 government
559 503 73 28 ought
636 506 42 21 not
682 506 23 22 to
711 505 109 25 interfere.

537 569 114 26 Abraham
660 572 88 25 Lincoin

176 626 18 43 It
204 626 17 43 is
229 630 44 25 this
287 626 72 43 simple
369 632 300 33 philosophy
512 626 26 43 on
552 626 65 43 which
627 626 44 43 the
678 636 143 40 Republican

151 663 238 30 Party
229 659 38 41 was
280 663 109 30 founded.

167 694 47 40 The
227 694 54 40 year
290 694 41 40 was
344 702 67 23 1854.
423 703 49 24 The
479 700 133 42 Democrats
625 700 43 42 and
681 700 67 42 Whigs
762 700 60 42 were

148 728 33 44 the
191 728 85 44 leading
287 728 94 44 political
393 728 84 44 parties,
492 728 34 44 and
536 728 34 44 the
580 728 48 44 Free
639 728 88 44 Soilers
738 728 81 44 hadre-

148 766 74 29 cently
229 768 84 28 gained
321 770 94 29 enough
423 773 132 29 strength
530 762 23 45 to
563 775 67 28 place
638 777 135 25 candidates
780 779 36 24 for

148 799 103 25 election.

141 1099 55 50 men
207 1099 43 50 who
261 1099 43 50 met
311 1099 43 50 that
365 1099 56 50 night
428 1099 21 50 in
457 1099 43 50 that
511 1099 60 50 small
582 1099 84 50 farming
682 1099 130 50 community

139 1132 63 42 were
216 1132 140 42 Democrats,
370 1132 77 42 Whigs,
457 1132 39 42 and
510 1132 49 42 Free
569 1132 95 42 Soilers.
674 1143 61 38 They
746 1143 65 38 were

139 1165 98 49 brought
249 1165 99 49 together
359 1165 26 49 by
396 1179 11 19 a
420 1165 91 49 common
522 1165 71 49 belief
601 1190 8 5 -
620 1165 87 49 slavery
718 1165 38 49 was
767 1165 42 49 un-

143 1204 170 25 constitutional.

166 1232 43 43 Out
221 1232 24 43 of
255 1232 48 43 that
316 1232 91 43 meeting
416 1232 55 43 came
489 1248 11 19 a
510 1232 130 43 resolution:
653 1247 13 23 A
679 1243 40 40 new
732 1243 73 40 party,

142 1271 23 22 to
179 1266 27 45 be
216 1266 72 45 named
303 1266 42 45 the
355 1266 132 45 Republican
498 1266 73 45 Party,
588 1266 60 45 would
659 1266 27 45 be
696 1266 80 45 formed
790 1266 15 45 if

137 1299 43 43 the
189 1303 370 35 Kansas-Nebraska
412 1299 48 43 bill
470 1299 94 43 passed.

889 372 48 25 The
948 374 46 25 first
1007 375 141 30 Republican
1159 382 136 24 convention
1306 389 51 19 was
1369 385 52 25 held
1434 387 20 23 in
1466 389 110 29 Jackson,

877 407 72 28 Mich.,
961 403 26 44 on
997 410 51 29 July
1057 412 21 26 6,
1090 412 67 24 1854.
1175 414 48 25 The
1231 418 75 23 crowd
1314 424 50 18 was
1372 424 29 19 so
1409 424 70 25 great,
1490 420 17 37 it
1510 424 68 26 could

876 442 75 24 not
923 438 23 44 be
959 443 53 25 held
1019 444 21 23 in
1048 438 37 44 the
1095 438 63 44 town’s
1181 448 84 30 largest
1272 451 49 24 hall.
1337 452 47 25 The
1391 454 140 27 business
1503 450 24 40 of
1538 460 39 23 the

870 473 68 48 Party
950 473 40 48 had
1005 473 25 48 to
1042 473 28 48 be
1086 473 120 48 conducted
1218 473 27 48 in
1258 489 12 19 a
1282 473 64 48 grove
1363 488 23 23 of
1402 473 52 48 oaks
1466 473 56 48 near
1534 473 44 48 the

869 507 81 37 County
961 507 47 37 race
1020 507 78 37 track.
1105 510 75 45 These
1191 510 136 45 resolutions
1337 510 98 45 signaled
1450 510 34 45 the
1495 510 83 45 formal

869 538 120 48 beginning
1001 538 24 48 of
1037 538 36 48 the
1089 538 36 48 new
1141 538 96 48 national
1249 538 68 48 party:

936 578 159 30 RESOLVED,
1103 582 68 25 That.
1179 602 18 5 ..
1208 574 18 46 in
1231 585 130 27 view
1292 574 24 46 of
1326 574 36 46 the
1368 589 113 26 imminent
1483 589 94 40 danger

912 608 49 53 that
974 608 80 53 Kansas
1067 608 45 53 and
1124 608 107 53 Nebraska
1243 608 45 53 will
1296 608 28 53 be
1332 608 93 53 grasped
1433 608 28 53 by
1473 608 99 53 Slavery,

908 643 46 46 and
968 651 13 20 a
992 643 112 46 thousand
1115 643 66 46 miles
1191 643 24 46 of
1226 643 62 46 slave
1299 643 46 46 soil
1356 643 37 46 will
1410 643 24 46 be
1444 643 47 46 thus
1508 643 62 46 inter.

906 677 75 47 Posed
996 677 91 47 between
1097 677 37 47 the
1144 677 48 47 free
1203 677 72 47 States
1285 677 21 47 of
1313 677 32 47 the
1356 677 95 47 Atlantic
1458 677 36 47 and
1505 677 67 47 those

909 710 23 53 of
944 710 41 53 the
1000 710 100 53 Pacific,
1112 710 28 53 we
1152 710 45 53 will
1209 710 37 53 act
1253 710 107 53 cordially
1373 710 40 53 and
1430 710 103 53 faithtully
1546 731 21 23 in

909 744 79 52 unison
1000 744 28 52 to
1043 744 66 52 avert
1121 744 40 52 and
1173 744 79 52 repeal
1264 744 49 52 this
1325 744 100 52 gigantic
1437 744 71 52 wrong
1520 744 48 52 and

908 782 92 25 shame.

932 816 159 30 RESOLVED,
1098 820 57 25 That
1161 821 21 23 in
1188 823 131 26 view
1249 812 25 41 of
1283 823 36 26 the
1325 828 145 29 necessity
1447 824 21 41 of
1477 830 89 31 battling

905 849 36 24 for
946 850 40 24 the
993 851 47 24 first
1047 853 120 30 principles
1174 856 24 23 of
1207 856 140 30 Republican
1354 865 154 25 govemment,
1518 866 46 23 and

902 880 92 46 against
1005 880 35 46 the
1051 880 97 46 schemes
1162 880 24 46 of
1197 894 20 19 an
1227 880 143 46 aristocracy,
1381 880 35 46 the
1427 880 50 46 most
1488 880 76 46 revol-

906 916 37 30 Ing
956 918 48 24 and
1016 922 137 26 oppressive
1166 924 51 23 with
1230 925 72 24 which
1316 927 39 24 the
1369 929 64 23 earth
1445 935 51 19 was
1510 937 55 19 ever

900 948 87 47 cursed
1001 948 33 47 or
1044 948 48 47 man
1103 948 119 47 debased,
1236 948 29 47 we
1279 948 44 47 will
1342 948 118 47 cooperate
1475 948 44 47 and
1530 948 32 47 be

881 1008 4 2 .
906 980 76 50 known
997 980 30 50 as
1039 984 521 39 “Republicans”
1227 980 59 50 until
1293 980 39 50 the
1343 980 93 50 contest
1447 980 30 50 be
1489 980 76 50 termi-

904 1019 76 24 nated.

900 1047 71 45 Under
982 1047 38 45 the
1035 1055 59 24 label
1104 1056 195 30 “Republican”
1274 1047 27 45 or
1308 1062 200 30 “anti-Nebraska,”
1517 1067 38 23 the

857 1080 71 47 Party
939 1080 52 47 made
1001 1080 127 47 significant
1139 1080 83 47 inroads
1233 1080 44 47 that
1287 1080 36 47 fall
1330 1080 17 47 in
1354 1080 24 47 its
1389 1080 44 47 first
1444 1080 40 47 test
1495 1101 19 21 at
1526 1080 36 47 the

855 1114 74 44 polis,
939 1114 89 44 winning
1042 1123 24 22 11
1082 1114 74 44 United
1170 1114 81 44 States
1262 1114 81 44 Senate
1353 1114 77 44 seats.
1448 1127 54 38 With
1516 1127 39 38 the

855 1147 54 49 help
920 1147 21 49 of
953 1147 33 49 the
997 1147 63 49 “anti
1071 1147 156 49 Nebraskans,”
1238 1147 38 49 the
1287 1147 42 49 new
1340 1147 63 49 party
1414 1147 42 49 was
1467 1147 50 49 able
1530 1168 24 22 to

857 1186 297 32 Control
954 1182 38 45 and
1003 1186 102 32 organize
1115 1182 42 45 the
1161 1192 87 25 House.
1264 1194 137 29 Republican
1404 1182 83 45 tickets
1501 1182 54 45 were

854 1214 22 43 In
886 1214 65 43 office
962 1214 25 43 in
997 1214 105 43 Michigan
1115 1214 40 43 and
1165 1218 135 33 Wisconsin.

885 1248 32 48 By
932 1248 65 48 1856,
1009 1248 40 48 the
1061 1248 132 48 Republican
1205 1248 64 48 Party
1281 1248 40 48 was
1333 1248 116 48 organized
1465 1248 87 48 nation-

856 1286 48 29 ally.
930 1282 69 41 State
1012 1282 124 41 delegates

1148 1293 123 28 appointed
1284 1300 16 19 a
1314 1296 101 25 National
1430 1298 120 26 Executive

852 1314 138 47 Committee
1000 1314 68 47 which
1079 1314 44 47 was
1134 1314 122 47 authorized
1267 1314 24 47 to
1302 1314 43 47 call
1357 1335 10 19 a
1380 1314 95 47 national
1486 1314 68 47 nomi-

852 1349 77 46 nating
944 1349 123 46 convention
1078 1349 50 46 that
1139 1349 51 46 June
1200 1349 24 46 in
1235 1349 157 46 Philadelphia.

173 1372 18 42 It
208 1372 35 42 was
258 1372 48 42 only
319 1384 12 19 a
341 1372 63 42 short
414 1372 50 42 time
477 1372 74 42 before
565 1372 42 42 the

137 1401 91 47 Senate
238 1401 107 47 approved
356 1401 36 47 the
403 1401 46 47 bill.
466 1401 15 47 It
501 1401 36 47 was
548 1401 36 47 law
596 1430 9 5 -
620 1409 152 57 Pro
929 1409 115 57 eee
1057 1409 49 57 Let
1129 1409 110 57 Volunteer
1247 1409 82 57 Today!
1379 1447 96 9 Se

151 1439 38 42 the
199 1443 404 34 extension
329 1439 25 42 of
367 1439 92 42 slavery
472 1439 39 42 was
525 1439 14 42 a
553 1439 53 42 real

139 1476 78 24 threat.
239 1466 71 50 Major
322 1466 63 50 Bovay
401 1466 76 50 called
488 1485 115 24 a.second
620 1470 6 30 |
643 1466 17 50 [1
676 1466 47 50 Call
730 1466 22 50 on
760 1474 98 26 neighbore

125 1517 4 4 %
619 1508 42 33 lo
678 1517 38 35 Wil
727 1517 21 35 be
757 1521 108 23 Canvasser

160 1538 34 50 On
210 1538 67 50 March
289 1538 38 50 20,
339 1546 26 26 53
372 1538 59 50 local
439 1538 92 50 citizens
543 1538 63 50 gath-
618 1547 7 31 |

139 1576 55 23 ered
212 1577 20 22 in
249 1578 40 23 the
307 1579 157 26 schoothouse
482 1582 21 23 in
522 1583 78 29 Ripon.
618 1586 6 30 |

140 1604 55 44 From
213 1604 59 44 their
281 1613 320 31 number
385 1604 56 44 they
455 1613 118 31 appointed
587 1604 19 44 a
617 1625 6 31 |

134 1639 125 44 Committee
269 1639 19 44 of
299 1639 41 44 five
350 1639 19 44 to
376 1639 48 44 form
434 1639 34 44 the
482 1639 37 44 new
530 1639 70 44 party.
616 1653 44 41 jo

134 1670 42 45 The
186 1670 57 45 local
254 1670 49 45 Free
314 1670 46 45 Soil
374 1670 38 45 and
422 1670 54 45 Whig
486 1670 117 45 organiza-
615 1696 43 36 ja

137 1704 58 39 tions
204 1704 53 39 were
270 1708 125 27 dissolved.

677 1557 52 41 Work
741 1557 22 41 at
767 1565 130 27 headquarters

634 1606 26 26 C1
675 1602 92 42 Register
777 1602 119 42 Republicans

675 1650 44 40 Will
728 1650 104 40 Telephone

675 1702 99 36 Distribute
783 1702 93 36 campaign
885 1702 90 36 materiais

1137 1497 69 33 The
1219 1499 309 40 RepublicanTeam

1217 1551 231 44 Volunteer

1171 1608 191 54 Sign-Up
1377 1612 111 42 Card

166 1733 49 49 The
228 1733 69 49 Ripon
308 1733 112 49 meetings
431 1733 54 49 were
496 1733 50 49 only
558 1733 39 49 the
614 1741 43 69 2
674 1736 48 48 Host
734 1756 8 15 a
750 1736 88 48 reception
847 1736 19 48 or
874 1736 32 48 tea
1053 1744 74 24 Name.

132 1770 53 45 first
199 1770 23 45 of
233 1770 53 45 many
303 1770 47 45 that
364 1770 57 45 year.
445 1781 22 22 In
479 1781 117 30 Michigan,
631 1791 25 25 CO
677 1797 94 21 Distribute
1047 1787 32 48 (Ak
1091 1787 4 48 2
1107 1787 20 48 5
1155 1787 72 48 LEA
1239 1787 40 48 SESE
1307 1787 68 48 eee
1387 1787 52 48 een
1455 1787 56 48 eee
1539 1787 60 48 pe

137 1807 64 27 lowa,
219 1808 65 28 Ohio,
302 1810 82 28 Maine,
404 1812 191 30 Massachusetts,
613 1818 6 30 |
773 1797 112 61 spheam
1050 1825 49 48 Clty,
1361 1832 39 49 Zip

133 1830 50 54 New
200 1830 55 54 York
268 1830 41 54 and
322 1830 68 54 other
403 1830 90 54 Northem
511 1830 83 54 states,
614 1830 10 54 ;
629 1837 26 26 ©
676 1844 204 27 Putyard
767 1830 37 54 sign
812 1830 19 54 in
839 1830 46 54 yard

131 1868 94 45 citizens
238 1868 25 45 of
273 1868 87 45 similar
371 1868 131 45 persuasion
513 1868 42 45 met
571 1884 24 21 to
611 1891 6 31 |
635 1881 17 26 O
676 1877 50 49 Werk
733 1877 21 49 on
766 1888 124 27 Election
856 1877 37 49 Day
1045 1885 546 50 Colne

134 1901 55 54 form
202 1901 140 54 Republican
511 1931 6 5 .
611 1927 42 31 10
669 1915 59 50 Raise
740 1915 55 50 funds
1049 1939 208 35 Phone-Day(__)

136 1968 87 33 Your
235 1971 206 40 Republican
454 1976 69 33 HQ:
609 1963 43 66 ld
669 1977 56 56 Sete
733 1981 291 30 nemeioion
879 1977 84 56 of
1048 1985 537 44 PANINI
1331 1977 132 56 lis

608 2023 43 42 ja
667 2020 65 39 Other,
1041 2025 147 43 Commotite.
1216 2025 109 43 32
1438 2025 148 43 ee

607 2070 7 31 |
760 2073 97 40 Califormia
870 2073 104 40 Republican
983 2073 61 40 Party-
1053 2073 44 40 1903
1110 2083 20 19 W.
1143 2073 84 40 Magnolia
1236 2073 53 40 Bivd.,
1303 2073 87 40 Burbank,
1400 2073 24 40 CA
1433 2073 61 40 91508
