1696 2190
616 230 136 5 HINOMS
780 211 60 48 IDO
853 211 31 48 AD
896 219 200 31 Slay
976 211 32 48 ay
1016 219 80 31 ecg?
1111 236 22 6 =

461 261 272 45 RESTORING
749 272 88 34 THE
854 273 246 37 AMERICAN
1115 272 172 43 DREAM

516 326 71 35 Bob
603 330 119 35 Dole’s
737 331 82 33 Plan
825 331 61 43 for
897 333 181 36 Economic
1093 335 134 37 Growth

152 408 67 25 THE
234 408 167 26 PROBLEM
416 396 25 31 --
442 396 190 41 CLINTON'S
644 413 100 26 SLOW
756 412 153 29 GROWTH
920 415 68 26 AND
1000 416 85 27 HIGH
1095 417 110 29 TAXES

151 449 50 26 The
212 449 100 26 Cunton
324 458 121 24 economy
458 452 42 25 has
512 452 61 26 been
585 455 100 24 marked
697 455 30 31 by
739 461 47 19 ovo
799 456 84 32 things:
904 457 38 25 the
953 458 100 26 weakest
1064 466 114 27 recovery
1190 461 24 26 in
1225 463 40 25 the
1276 471 54 25 past
1345 465 42 26 100
1400 474 66 20 vears
1477 471 46 26 and
1533 473 39 25 the

151 491 96 32 highest
258 498 38 19 tax
308 492 93 26 Durcen
413 501 23 17 in
448 494 131 26 American
590 495 93 33 history

152 561 72 26 Sincs
236 560 47 28 Bill
295 561 101 27 Clinton
408 563 57 26 took
476 562 84 32 office,
572 566 40 25 the
623 573 122 26 economy
756 567 43 26 has
809 575 81 26 grown
900 574 23 20 at
933 576 14 18 a
956 569 76 32 nearly
1043 575 110 28 stagnant
1163 572 68 26 2.4%
1243 587 20 6 —
1274 575 40 26 the
1325 576 99 27 slowest
1434 581 92 30 growth
1536 582 31 26 of

152 612 46 24 any
210 611 114 26 secovery
337 605 23 25 in
372 605 39 25 the
422 612 52 26 past
489 607 44 26 100
545 614 76 25 years.
643 608 110 26 Because
763 608 31 27 of
800 609 37 26 the
847 615 109 28 stagnant
965 618 123 26 economy,
1099 614 145 27 Americans
1251 613 86 44 aren’t
1353 613 85 44 making
1453 628 45 25 any
1509 630 66 20 more

153 654 89 24 money
253 647 56 25 than
320 647 55 32 they
388 655 63 18 were
463 647 54 28 four
526 656 69 25 years
606 657 55 25 ago.
684 650 92 29 Worse,
787 651 82 27 thanks
880 658 22 20 to
914 652 39 26 the
962 652 94 27 Clinton
1067 659 39 21 tax
1116 654 115 31 increase,
1243 659 133 27 American
1387 660 103 29 families
1501 671 39 19 are

153 689 72 32 being
237 687 83 27 forced
331 695 22 19 to
366 690 57 32 give
434 686 70 30 more
512 690 30 27 of
548 691 61 26 their
620 691 159 27 hard-earned
789 700 86 25 money
885 699 23 20 to
920 694 39 26 the
968 701 37 19 tax
1013 702 55 19 man
1078 695 57 27 than
1144 703 57 20 ever
1210 697 86 28 before
1308 699 24 27 in
1343 700 97 34 history:
1453 703 82 29 31.3%
1545 707 31 26 of

153 729 72 28 GDP.
246 729 50 27 The
307 731 90 32 typical
409 732 131 26 American
551 732 86 41 family
648 741 57 18 now
715 741 59 25 pays
785 741 65 19 more
860 734 24 27 in
894 740 65 22 taxes
969 735 52 27 than
1031 735 37 27 for
1077 736 68 31 food,
1154 738 119 35 clothing,
1284 741 48 27 and
1343 742 87 28 shelter
1434 741 141 42 combined.

153 798 48 26 Biil
212 798 99 26 Clinton
323 800 81 25 thinks
415 808 44 18 our
468 809 121 25 economy
601 809 46 19 can
657 803 57 31 only
725 803 72 25 crawl
808 803 69 33 along
888 810 22 19 at
920 804 65 26 2.3%
995 806 90 31 growth
1095 806 49 27 into
1155 807 39 26 the
1205 815 58 20 next
1273 817 106 26 century.
1400 812 59 28 He's
1467 811 94 41 wrong.

152 839 53 26 Bob
218 839 62 26 Dole
292 840 85 26 knows
390 854 19 5 --
420 842 47 24 and
477 849 49 24 you
537 843 73 25 know
621 857 21 5 -
653 843 49 26 that
712 851 43 18 our
765 851 116 25 economy
892 852 45 19 can
946 846 29 25 do
986 846 77 25 berter.
1092 847 42 26 It’s
1144 848 58 26 time
1213 855 23 20 to
1248 857 55 27 stop
1314 851 132 36 defending
1457 855 38 25 the
1506 856 72 25 slow-

152 881 94 31 growth
256 887 74 20 status
342 888 48 25 quo
403 882 46 26 and
460 883 143 32 implement
613 891 15 18 a
637 885 59 25 bold
707 892 54 18 new
770 885 92 32 agenda
871 885 37 27 for
917 886 95 33 change.

154 949 65 26 With
229 949 39 26 the
279 949 63 26 Dole
353 950 58 33 pian
422 950 36 26 for
468 953 129 25 economic
608 954 102 31 growth.
721 961 44 19 our
774 961 116 25 economy
902 955 49 26 wiil
961 956 94 26 achieve
1066 956 28 27 its
1106 956 43 28 full
1159 960 118 31 potential
1288 962 59 25 with
1357 962 66 27 3.5%
1435 977 19 6 ~
1464 972 28 18 or

153 990 86 33 higher
249 1005 20 5 —
279 992 94 31 growth
384 999 42 25 per
435 999 64 25 year,
510 993 94 33 putting
615 1001 44 19 our
669 1001 100 26 country
780 995 58 26 back
848 1002 31 20 on
889 995 39 27 the
938 996 58 33 right
1004 997 63 26 track
1076 998 48 26 and
1133 999 84 34 giving
1227 1008 75 25 every
1313 1004 129 26 American
1453 1004 84 34 family

155 1033 39 24 the
205 1032 90 25 chance
305 1039 23 18 to
340 1033 102 25 achieve
453 1034 38 25 the
502 1035 132 26 American
643 1036 90 26 dream.

157 1100 197 26 RESTORING
366 1101 70 26 THE
447 1102 186 27 AMERICAN
645 1104 124 27 DREAM
780 1118 20 7 —
810 1105 176 27 ELEMENTS
996 1106 42 26 OF
1046 1106 69 27 THE
1126 1107 92 28 DOLE
1231 1109 90 28 PLAN

160 1142 21 29 1)
253 1137 23 45 A
286 1137 129 45 Balanced
429 1137 94 45 Budger
541 1137 147 45 Amendment
703 1137 23 45 to
740 1137 38 45 the
793 1137 53 45 U.S.
856 1137 147 45 Constinution
1019 1153 22 21 to
1053 1147 65 27 force
1128 1149 39 26 the
1177 1149 91 28 federal
1280 1159 157 25 goverment
1447 1160 22 20 to
1480 1155 31 25 do

257 1183 63 25 what
331 1190 72 24 every
416 1183 83 33 family
512 1191 63 20 must
584 1186 32 25 do
628 1199 20 6 --
659 1186 48 26 live
717 1187 83 26 within
811 1188 27 25 its
848 1195 88 19 means.

159 1223 24 29 2)
254 1219 24 48 A
290 1219 116 48 balanced
418 1219 88 48 budget
518 1219 28 48 ov
558 1219 40 48 the
614 1219 52 48 vear
682 1219 56 48 2002
752 1228 100 26 because
862 1228 52 26 Bob
925 1228 59 26 Dole
992 1229 40 26 has
1042 1229 59 26 built
1111 1229 37 27 his
1158 1232 135 31 reputation
1304 1241 32 18 on
1347 1233 67 27 ‘iscal

260 1265 180 32 responsibility
450 1266 47 25 and
507 1267 91 32 cutting
609 1274 159 26 government
777 1275 79 19 waste.

161 1305 23 30 3)
254 1301 188 48 Taxcelis“and
458 1301 160 48 Sundamenral
630 1301 36 48 tax
682 1301 80 48 reform
779 1309 100 27 because
889 1309 52 27 Bob
951 1309 58 27 Dole
1018 1310 105 27 believes
1134 1311 48 26 that
1191 1313 89 32 people
1291 1314 72 26 know
1373 1315 54 25 how
1437 1321 22 20 to
1471 1317 74 31 spend

260 1346 59 25 their
329 1353 90 25 money
429 1346 75 26 better
514 1348 55 26 than
580 1349 39 25 the
630 1356 158 25 government
796 1350 64 26 does.

158 1387 36 29 +).
246 1382 104 48 Ending
366 1382 40 48 the
418 1382 40 48 IRS
474 1382 28 48 as
514 1382 19 48 we
562 1382 56 48 xnow
644 1382 14 48 it
670 1397 26 19 so
708 1390 48 26 that
765 1390 31 26 40
807 1391 91 26 million
907 1391 57 26 low-
973 1392 43 24 and
1025 1392 198 27 middle-income
1234 1400 126 26 taxpayers
1370 1396 49 25 will
1431 1403 69 18 aever

259 1428 60 24 have
330 1434 23 19 to
366 1427 42 26 file
419 1429 99 25 another
528 1435 38 20 tax
577 1437 86 19 return.

161 1468 23 29 5)
260 1467 456 35 sducation
404 1463 44 48 and
460 1463 40 48 job
512 1463 100 48 training
624 1463 80 48 reform
725 1471 48 26 that
783 1471 81 26 allows
873 1478 91 26 parents
974 1478 21 20 to
1005 1477 33 20 set
1047 1480 32 25 up
1089 1473 100 26 tax-free
1200 1475 100 32 savings
1310 1482 113 19 accounts
1435 1476 35 25 ‘or
1480 1477 58 24 their

260 1509 132 24 children’s
404 1509 134 26 education.
946 1520 3 2 é

162 1548 24 30 6)
261 1548 410 32 Regulatory
421 1544 40 48 and
473 1544 100 48 lawsuit
585 1544 76 48 reform
681 1551 47 25 that
739 1551 76 27 forces
825 1552 36 25 the
872 1559 148 25 government
1028 1558 23 20 to
1062 1552 67 27 think
1138 1553 73 26 about
1221 1555 39 25 the
1271 1562 179 26 consequences
1461 1556 29 25 of
1497 1557 28 24 its

263 1589 135 30 regulatory
409 1589 99 26 actions.

164 1653 136 26 TAMING
312 1654 68 25 THE
392 1655 147 26 TAXVLAN
549 1669 21 6 —
579 1657 70 25 TAX
661 1657 120 26 RELIEF
791 1658 65 25 FOR
865 1658 64 26 ALL
940 1658 192 27 AMERICANS

166 1702 11 12 e
214 1691 80 45 ALi%
214 1695 499 31 individual
462 1691 87 45 income
563 1691 38 45 tax
612 1691 53 45 rate
675 1691 39 45 cut
722 1711 20 6 ~
752 1698 38 25 the
801 1697 85 30 fastest,
896 1699 110 32 simplest,
1016 1698 79 26 fairest
1104 1706 52 25 way
1167 1705 23 20 to
1201 1700 57 32 give
1268 1700 176 32 badly-needed
1454 1708 37 18 tax

215 1734 71 25 relief
292 1741 23 19 to
326 1735 31 24 all
369 1736 148 25 Americans.

266 1775 148 20 S00-ner-child
455 1775 82 23 familv

216 1816 107 30 working
334 1815 148 25 households
493 1817 57 25 with
559 1817 32 25 42
602 1817 95 25 million
707 1818 111 25 children.

213 1851 154 45 Areducsion
384 1851 21 45 in
415 1851 38 45 the
464 1851 87 45 capital
565 1851 61 45 gains
640 1851 38 45 tax
696 1851 54 45 trom
764 1851 39 45 28%
824 1851 27 45 to
861 1851 46 45 14%
928 1865 21 18 to
960 1858 44 25 free
1013 1859 99 25 trillions
1122 1859 30 25 of
1157 1860 90 25 dollars
1258 1860 97 32 trapped
1366 1860 30 31 by
1407 1861 37 24 the
1455 1866 94 24 system.

275 1902 41 8 ror
704 1898 32 14 ort
835 1897 14 17 Gi

339 1894 27 18 of
376 1890 25 33 Bi
465 1895 3 18 i
534 1892 22 34 *s
569 1896 102 22 Social
657 1892 18 34 S

961 1792 18 5 ~
988 1779 79 32 easing
1077 1779 39 25 the
1125 1784 38 21 tax
1173 1780 93 26 burden
1277 1780 37 26 for
1324 1781 30 25 24
1364 1781 93 25 million

930 1904 21 19 to
962 1898 82 31 lighten
1055 1898 37 25 the
1104 1899 53 24 load
1167 1906 32 18 on
1209 1907 45 17 our
1263 1899 104 25 nation’s
1378 1900 97 24 seniors.

874 1943 21 18 to
906 1938 51 31 help
968 1938 79 30 ceople
1057 1944 56 18 save
1125 1938 35 25 for
1170 1939 38 24 the
1221 1938 84 26 furure.

722 1984 26 17 so
760 1977 29 24 all
800 1976 134 25 Americans
944 1984 40 16 can
993 1984 67 17 move
1071 1985 30 23 up
1112 1978 37 24 the
1160 1979 128 24 economic
1300 1979 85 23 ladder.

212 2054 48 19 ized
271 2053 43 20 and
325 2053 52 26 2a:c
388 2052 33 21 for
429 2054 27 25 dy
468 2052 54 22 Dole
533 2053 32 21 for
575 2054 118 23 President,
704 2056 47 22 Inc.,
761 2056 75 22 Rotert
845 2056 122 28 Lighthizer.
975 2055 108 29 Treasurer

124 2097 38 21 $i
174 2097 51 21 Firs:
233 2097 73 21 Screer.
318 2098 119 20 Northeast
449 2104 9 9 ¢
469 2099 60 21 Suite
538 2099 39 21 3C0
589 2106 9 8 *
611 2101 149 27 “Washington,
770 2102 48 21 D.C.
827 2101 64 22 20C02
903 2107 8 9 ©
922 2100 52 24 (202)
983 2102 98 21 41-4400
