3440 1492
160 233 147 27 California
318 233 167 34 Republican
495 234 78 33 Party

162 269 32 14 1903
200 269 35 14 West
242 269 65 17 Magnolia
314 268 46 15 Blvd.
356 264 5 27 *
367 268 65 17 Burbank,
438 268 71 17 California
514 269 46 14 91506
566 272 7 7 ¢
579 269 39 15 (818)
622 270 67 13 841-5210

166 360 42 21 John
215 361 17 17 S.
240 361 102 21 Herrington

166 387 70 13 Chairman

164 458 37 27 My
210 457 79 22 Fellow
299 457 152 29 Republicans:

164 525 24 22 In
197 525 125 22 November
330 524 26 23 of
364 525 42 22 this
415 532 54 21 year,
479 529 72 18 voters
560 525 58 22 from
627 525 28 22 all
664 533 52 15 over
725 525 100 22 America
835 525 42 22 will

163 568 29 21 go
201 566 23 17 to
234 561 37 22 the
280 561 55 28 polls
346 566 23 18 to
378 561 76 23 decide
463 561 51 23 who
523 561 43 23 will
577 561 47 23 lead
634 561 43 23 this
686 562 76 22 nation
771 562 47 22 into
827 561 37 22 the

164 600 50 20 21st
224 599 98 27 Century.
340 598 59 28 They
408 598 43 22 will
461 598 27 22 be
497 598 67 22 asked
574 602 23 19 to
607 598 63 23 make
679 605 13 16 a
701 598 76 23 choice
786 595 99 25 between

164 635 36 22 the
209 634 66 23 failed
285 634 187 29 big-government
482 635 89 28 policies
580 635 26 22 of
613 635 40 22 Bill
662 635 89 22 Clinton
760 641 75 16 versus

164 671 36 22 the
210 678 82 21 proven
301 671 43 22 and
354 671 83 28 fiscally
446 671 135 28 responsible
590 671 83 28 agenda
683 671 25 23 of
716 671 36 23 the

164 708 135 28 Republican
309 707 136 23 Revolution.

164 776 8 21 I
182 775 55 23 need
246 783 43 20 you
299 779 24 19 to
332 775 50 28 help
391 782 36 16 me
436 775 55 28 fight
500 776 83 27 against
593 775 39 23 Bill
642 775 89 23 Clinton
740 775 43 23 and
793 775 37 23 the

164 812 74 22 liberal
248 812 129 22 Democrats
387 812 22 22 in
418 812 143 28 Washington
570 812 51 22 who
630 819 37 15 are
676 813 129 27 attempting
814 816 23 18 to
847 811 47 23 stall
907 823 2 2 -

163 856 41 15 our
214 848 134 29 Republican
358 848 137 23 Revolution.
515 849 8 22 I
532 848 56 23 need
597 856 43 21 you
650 852 23 19 to
682 848 51 29 help
742 856 35 15 me
786 856 61 21 wage
856 855 45 15 war

163 886 84 27 against
257 884 86 23 liberals
352 886 22 21 in
385 885 140 22 Sacramento
534 885 51 23 who
594 892 37 15 are
640 886 70 27 trying
718 889 24 18 to
751 885 78 22 thwart
838 892 41 15 our

164 922 60 22 GOP
233 921 83 29 agenda
326 922 22 22 in
358 921 125 23 California.
502 922 8 22 I
520 921 55 23 need
585 929 42 21 you
637 926 23 18 to
668 923 46 27 join
723 921 54 23 with
785 929 36 15 me
830 921 43 23 and

164 958 36 22 the
210 958 118 23 California
338 954 135 32 Republican
482 959 62 27 Party
553 962 23 19 to
585 958 55 28 fight
650 958 34 23 for
693 958 37 23 the
739 958 73 23 future
821 958 25 23 of
853 965 41 16 our

164 995 60 22 State
233 995 43 22 and
286 1002 41 15 our
336 995 87 22 Nation.
806 992 3 2 ‘

163 1062 57 23 Take
230 1062 42 23 this
282 1063 53 22 time
343 1069 52 16 now
403 1067 24 18 to
436 1062 31 23 fill
477 1067 38 18 out
525 1062 37 23 the
571 1062 101 23 attached
681 1062 148 28 membership
838 1062 57 22 form

164 1099 43 22 and
216 1099 46 28 join
271 1099 135 22 California’s
416 1099 135 28 Republican
561 1099 130 22 Revolution
701 1099 68 28 today.

164 1166 112 28 Sincerely,

230 1222 49 32 >.
299 1221 6 37 {

164 1273 54 27 John
228 1274 132 27 Herrington

165 1310 116 22 Chairman

2378 1159 49 50 LJ
2381 1058 47 73 Yes
2419 1045 16 8 ,
2399 980 28 45 the
2399 816 28 150 California
2399 631 36 172 Republican
2400 540 35 78 Party
2408 476 19 52 can
2404 379 23 85 count
2408 329 19 37 on
2408 272 19 44 me
2405 229 22 29 to
2399 180 28 37 do
2408 122 26 45 my

2445 1149 30 60 part
2445 1106 23 29 to
2440 1030 35 64 help
2440 926 28 91 defeat
2440 864 27 48 Bill
2440 729 28 120 Clinton.
2441 694 26 9 I
2445 607 23 74 want
2445 564 23 29 to
2440 471 28 80 stand
2449 420 26 38 up
2440 342 28 66 with
2440 252 28 76 State
2441 162 34 77 Party

2480 1059 28 150 Chairman
2480 978 34 68 John
2481 797 35 168 Herrington
2480 730 28 54 and
2480 647 36 69 fight
2486 597 22 37 to:

2521 1130 34 32 v
2529 1057 28 59 End
2529 942 36 101 special
2529 839 36 90 hiring
2526 727 39 100 quotas
2529 660 28 54 and
2529 473 36 173 preferences

2581 1130 24 26 V
2578 1003 28 113 Reform
2578 879 28 112 welfare

2630 1130 23 26 V
2628 1019 27 97 Lower
2633 932 22 74 taxes
2627 875 28 43 for
2627 829 28 34 all
2628 654 27 162 Americans

2679 1130 23 26 V
2677 1053 27 63 Pass
2685 1024 19 15 a
2677 927 27 84 crime
2676 868 28 46 bill
2676 796 28 58 that
2676 651 35 132 punishes
2676 489 32 148 criminals,
2681 427 23 49 not
2677 307 27 107 victims

2821 1293 27 107 Annual
2821 1180 28 100 $25.00
2821 987 33 181 Membership
2822 925 25 50 Fee

2869 629 25 72 Acct.
2870 599 23 16 #

2855 1362 49 37 Lj
2869 1180 29 168 Mastercard,
2869 1099 29 68 Visa,
2869 987 25 99 AMEX
2877 946 17 29 or
2869 808 25 125 Discover

2901 1364 35 35 J
2910 1259 26 88 Check
2910 1127 26 121 enclosed

2911 639 31 61 Exp.
2910 558 26 66 Date

2982 1331 21 68 Name

3023 1305 22 95 Address

3065 1353 27 46 City,

3064 357 27 41 Zip

3107 539 23 6 )

3107 705 26 95 Evening
3106 623 21 72 Phone
3108 605 22 6 (

3108 1186 22 7 )

3108 1353 26 46 Day
3107 1270 21 72 Phone
3108 1253 23 5 (

3149 1280 27 119 Signature:

3231 1331 17 102 Contributions
3232 1310 15 15 to
3232 1280 15 24 the
3231 1202 16 72 California
3231 1112 19 84 Republican
3231 1066 20 39 Party
3234 1036 13 24 are
3232 1006 15 24 not
3232 978 15 23 tax
3231 893 16 78 deductible
3231 866 16 21 for
3231 809 16 51 federal
3234 786 13 16 or
3230 709 17 72 California
3232 680 15 23 tax
3234 600 16 74 purposes.
3230 533 17 54 Federal
3231 499 16 28 and
3230 421 17 72 California
3230 384 16 30 Law
3230 325 19 52 require
3230 260 19 58 political
3230 165 16 89 committees
3231 144 15 15 to
3231 93 18 45 report

3255 1410 16 24 the
3258 1359 15 45 name,
3255 1297 19 54 mailing
3255 1226 18 65 address,
3254 1136 20 84 occupation
3255 1103 16 27 and
3254 1025 20 72 employer
3254 998 17 22 for
3254 958 17 35 each
3254 879 17 72 individual
3254 824 16 49 whose
3254 717 16 101 contributions
3255 636 18 75 aggregate
3253 591 19 39 $100
3257 569 13 16 or
3257 524 13 39 more
3257 493 16 25 per
3254 423 16 65 calendar
3257 383 16 35 year.
3253 296 20 75 Corporate
3253 190 17 100 contributions
3253 159 16 25 will
3253 135 17 17 be
3253 93 16 35 used

3278 1420 16 13 in
3278 1342 16 72 California
3279 1300 15 36 state
3278 1223 16 71 elections.
3278 1166 16 45 These
3278 1059 16 101 contributions
3281 1021 16 32 may
3278 997 16 18 be
3278 950 16 41 made
3278 931 15 13 in
3281 898 16 27 any
3278 830 16 63 amount.
3277 752 17 65 Personal
3277 645 16 101 contributions
3277 614 16 25 will
3277 590 16 17 be
3277 548 16 35 used
3277 529 16 12 in
3277 489 16 33 both
3277 432 16 51 federal
3277 398 16 28 and
3277 320 16 72 California
3278 278 15 37 state
3277 201 18 72 elections,
3277 168 16 27 and
3280 129 16 32 may
3277 93 16 31 also

3302 1416 16 17 be
3301 1368 17 41 made
3302 1350 15 12 in
3305 1316 16 28 any
3302 1249 16 62 amount.
3301 1210 16 27 The
3301 1174 16 30 first
3301 1115 19 53 $5,000
3301 1047 16 62 received
3305 1016 15 24 per
3301 938 16 72 individual
3305 907 15 24 per
3301 837 16 65 calendar
3304 799 16 33 year
3301 713 19 80 (husbands
3301 681 16 27 and
3301 632 16 43 wives
3301 565 16 61 counted
3301 476 19 83 separately)
3300 445 16 25 will
3301 421 15 18 be
3300 380 16 35 used
3300 352 16 22 for
3300 296 16 51 federal
3300 218 16 72 elections.

3362 800 17 51 Shawn
3362 752 18 42 Steel,
3362 674 16 72 Treasurer

3335 917 18 40 Paid
3335 885 19 25 for
3335 859 23 20 by
3335 825 18 28 the
3334 730 20 88 California
3335 621 22 102 Republican
3334 568 23 46 Party

3387 1019 17 38 1903
3387 975 17 39 West
3387 899 20 70 Magnolia
3387 852 18 42 Bivd.,
3392 833 7 8 *
3387 756 18 67 Burbank,
3387 728 17 21 CA
3387 674 16 49 91506
3391 657 8 7 *
3387 564 16 82 Committee
3387 541 16 16 ID
3387 468 16 68 #810163
