1689 2198
249 292 196 62 Health
465 296 136 58 Care

263 413 46 25 Bob
318 414 55 23 Dole
382 402 78 36 Favors
472 414 108 24 Common
590 415 67 25 Sense,
668 415 51 23 Free
726 413 90 25 Market

412 454 150 25 Health-Care
571 453 96 34 Reforms

234 523 66 23 Losing
313 522 62 19 health
389 527 101 14 insurance
502 525 95 19 coverage
609 525 20 14 or
640 521 61 23 facing
714 521 96 19 obstacles
822 523 18 17 to

234 550 88 23 obtaining
329 551 45 18 such
380 554 92 19 coverage
479 551 15 17 is
499 555 11 13 a
517 550 35 18 real
558 553 79 15 concern
642 549 26 18 for
683 553 42 18 many
736 545 102 33 Americans.

234 579 31 17 We
273 579 48 18 need
330 579 97 18 insurance
436 579 64 18 reform
507 587 23 4 —
538 578 31 18 but
576 578 30 18 the
614 581 71 15 answer
694 582 14 13 is
717 579 29 16 not
755 582 10 13 a
774 577 65 18 federal

235 608 117 22 government
362 607 88 18 takeover
460 607 19 17 of
488 607 31 17 the
530 605 60 19 health
601 609 43 15 care
655 605 77 22 industry.
747 605 37 18 Bob
795 605 44 18 Dole

235 637 83 20 supports
326 639 99 14 consumer
432 636 70 18 choice,
511 637 48 18 open
567 633 105 18 enroliment
679 633 35 18 and
723 634 92 21 portability
823 633 18 17 of

236 664 74 17 medical
318 667 97 14 insurance

237 719 15 16 In
260 718 52 18 1994,
320 718 44 17 Dole
371 717 104 18 introduced
481 720 11 15 a
499 717 60 17 health
565 719 43 14 care
614 715 63 18 reform
683 715 25 17 bill
714 715 56 17 which
777 715 34 17 had
818 718 23 14 no

237 745 45 20 price
291 744 83 20 controls,
385 749 23 13 no
418 745 97 17 mandates
524 744 35 17 and
569 747 24 14 no
602 745 57 16 taxes.
668 743 38 17 The
715 743 25 17 bill
749 742 40 17 took
798 746 23 13 on
830 746 10 13 a

236 776 83 13 common
329 775 64 14 sense,
403 770 38 19 free
450 771 69 17 market
527 770 92 21 approach
627 770 18 16 to
655 769 109 17 health-care
773 768 67 18 reform.

236 798 80 23 focusing
323 799 83 21 primarily
412 802 23 13 on
442 798 96 18 insurance
544 796 68 19 reform,
618 797 50 17 while
674 796 70 22 offering
750 796 90 17 subsidies

237 828 17 15 to
261 826 40 20 help
309 825 113 17 low-income
428 825 106 16 Americans
542 825 34 20 buy
584 824 59 15 health
652 823 94 16 insurance

413 880 31 21 As
452 877 116 26 President,
580 877 26 23 he
615 876 53 23 will:

239 950 5 6 *
256 944 52 17 Seek
319 947 54 18 ways
385 944 18 16 to
416 943 57 17 make
486 942 63 17 health
562 946 45 12 care
620 945 51 12 more
684 939 108 18 accessible
805 941 36 15 and

239 970 96 18 affordable
342 970 27 18 for
376 970 20 18 all
402 969 113 18 Americans.

240 1004 5 7 +
256 999 69 17 Ensure
335 998 37 17 that
382 997 105 18 individuals
497 996 40 18 who
547 996 72 22 change
629 995 40 22 jobs
679 994 24 18 do
713 994 29 17 not
753 995 38 16 lose
802 993 41 17 their

240 1029 89 18 coverage
337 1029 19 13 or
363 1024 42 18 face
413 1024 115 21 pre-existing
536 1022 88 18 condition
632 1021 102 18 limitations.

241 1059 5 5 +
254 1053 44 18 Give
305 1052 139 21 self-employed
452 1051 104 18 individuals
563 1051 30 16 the
600 1053 53 14 same
660 1050 29 17 tax
696 1049 105 17 deductions
809 1048 35 17 that

241 1081 47 21 large
296 1079 122 21 corporations
426 1079 48 17 have
481 1080 18 15 to
506 1078 35 21 buy
549 1077 59 17 health
617 1072 99 28 insurance.

242 1113 6 6 +
255 1108 52 17 Make
315 1107 75 17 Medical
397 1105 80 22 Savings
481 1105 92 18 Accounts
580 1108 12 14 a
599 1104 35 17 real
641 1103 59 21 option
707 1102 86 18 available
800 1103 16 16 to
823 1102 21 17 all

242 1134 108 18 Americans.

244 1168 5 6 +
259 1162 77 21 Support
345 1160 61 19 efforts
416 1162 18 16 to
445 1160 53 18 make
508 1158 108 22 community
626 1158 34 17 and
671 1157 54 18 home
735 1156 58 18 based
803 1160 42 14 care

244 1193 47 14 more
299 1189 65 21 readily
371 1188 93 18 available.

328 1243 117 24 Medicaid
452 1242 87 25 Should
544 1243 64 23 Serve
615 1242 146 22 Low-Income

350 1281 100 25 Families
460 1284 23 20 in
499 1290 7 14 a
514 1281 63 23 More
585 1278 101 33 Effective
695 1279 49 30 Way

246 1347 87 18 Medicaid
345 1346 64 18 reform
421 1346 14 17 is
446 1345 65 17 crucial
528 1344 38 17 The
577 1344 59 17 states
646 1341 64 19 should
722 1342 23 17 be
755 1340 52 22 given
818 1340 30 17 the

246 1374 109 21 opportunity
360 1375 18 15 to
385 1372 85 21 redesign
477 1371 43 18 their
526 1374 93 18 programs
624 1369 72 17 without
700 1368 30 17 the
737 1368 57 20 heavy
801 1367 46 17 hand

247 1401 17 18 of
271 1401 29 17 the
308 1400 67 18 federal
382 1399 124 22 government,
515 1401 22 14 so
544 1398 37 17 that
588 1396 41 22 they
636 1399 35 15 can
678 1399 53 14 serve
739 1394 109 17 low-income

247 1428 73 18 families
327 1428 36 16 and
370 1426 30 17 the
407 1425 83 18 disabled
497 1425 16 16 in
521 1428 11 14 a
539 1428 49 13 more
595 1423 75 18 efficient
676 1422 35 18 and
718 1420 80 19 effective
805 1424 42 17 way.

248 1483 25 16 As
283 1480 99 18 President,
394 1479 39 17 Bob
444 1478 46 18 Dole
499 1478 30 16 will
541 1476 85 19 overhaul
637 1475 30 18 the
677 1474 74 18 nation’s
763 1473 86 18 Medicaid

249 1509 67 20 system
323 1507 22 21 by
350 1507 57 21 giving
413 1505 72 22 greater
489 1504 65 18 control
560 1505 17 16 to
584 1504 46 17 state
635 1503 125 21 governments
766 1500 39 17 who
811 1499 41 17 best

250 1536 50 15 know
306 1535 30 15 the
342 1532 60 18 needs
408 1531 19 19 of
432 1531 31 18 the
470 1530 112 18 low-income
588 1529 35 18 and
630 1528 81 18 disabled
719 1526 109 21 populations
836 1530 15 11 in

250 1561 42 17 their
299 1562 47 16 state

276 1614 47 23 Bob
331 1613 57 24 Dole
397 1612 54 22 Will
457 1613 91 28 Propose
556 1610 127 22 Innovative
691 1607 107 24 Solutions
808 1613 20 15 to

367 1649 91 23 Address
468 1647 130 30 Long-Term
609 1645 55 23 Care
671 1643 69 24 Needs

255 1713 37 17 Bob
300 1712 44 16 Dole
351 1711 81 16 believes
441 1710 36 16 that
484 1712 69 14 access
560 1708 36 17 and
604 1706 71 21 funding
682 1705 25 17 for
715 1705 90 21 long-term
813 1707 41 14 care

255 1739 14 17 is
278 1742 21 13 as
309 1741 70 14 serious
388 1741 11 13 a
409 1736 79 20 problem
497 1739 23 13 as
528 1739 35 16 any
573 1734 61 17 before
643 1736 22 14 us.
677 1733 25 15 As
711 1731 96 17 President,
817 1730 37 17 Bob

256 1764 43 18 Dole
306 1764 35 16 will:

637 1871 55 15 horived
696 1870 29 15 ard
728 1874 9 16 ;

453 1899 30 15 $10
488 1899 34 13 First
527 1897 44 16 Serecs,
579 1896 71 16 Northeast
656 1899 6 6 *
667 1896 37 13 Suzze
709 1895 30 15 300
745 1898 6 5 *

869 419 5 5 +
882 412 81 22 Propose
969 417 10 14 a
985 415 29 16 tax
1021 413 96 18 deduction
1123 413 26 19 for
1155 413 75 19 families
1236 415 40 18 who
1283 419 43 14 care
1327 408 23 33 for
1362 408 42 33 their
1412 416 64 21 elderly

869 443 71 20 parents
948 445 18 15 or
974 441 57 23 family
1039 442 98 19 members.

868 505 6 24 $
888 499 111 22 Encourage
1012 499 31 18 the
1054 499 137 21 development
1203 499 21 18 of
1235 500 71 21 private
1319 499 99 22 long-term
1431 503 43 15 care

868 532 94 13 insurance
972 527 35 18 and
1017 528 72 20 provide
1098 529 119 21 government
1227 528 41 20 help
1277 528 26 17 for
1312 528 54 17 those
1376 528 72 21 wishing
1457 529 18 16 to

868 555 89 21 purchase
964 555 30 18 the
1001 559 92 18 coverage
1101 554 31 19 but
1139 556 66 17 unable
1213 556 18 16 to
1238 554 56 19 afford
1303 555 15 18 it.

869 616 5 6 +
885 610 72 21 Expand
968 611 30 17 the
1008 611 71 19 options
1089 611 26 17 for
1125 611 93 21 long-term
1229 614 43 14 care
1282 611 72 21 beyond
1365 610 109 17 institutional

868 642 42 14 care
921 639 18 17 to
950 638 70 18 include
1032 638 61 18 home,
1105 637 78 22 hospice
1194 637 36 18 and
1242 637 179 22 community-based
1433 641 41 14 care

869 666 116 17 alternatives.

869 726 5 5 +
885 720 76 20 Support
970 719 62 19 efforts
1041 720 18 17 to
1068 722 68 15 ensure
1146 720 30 16 the
1185 719 66 21 quality
1259 719 19 17 of
1288 722 71 19 nursing
1370 719 54 17 home
1434 724 41 12 care

869 748 34 16 and
912 748 16 16 to
936 746 108 21 adequately
1052 747 67 20 protect
1127 747 71 20 against
1205 746 77 21 spousal
1291 745 161 21 impoverishment.

890 801 46 23 Bob
944 800 56 24 Dole
1011 800 51 23 Will
1068 801 56 22 Save
1130 800 114 23 Medicare
1246 799 62 32 from
1317 799 140 32 Bankruptcy

870 863 40 17 Bob
925 862 48 18 Dole
988 862 15 17 is
1017 861 115 18 committed
1146 862 20 17 to
1180 861 119 22 protecting,
1315 861 106 21 improving
1436 860 37 17 and

870 889 130 22 strengthening
1006 888 94 18 Medicare.
1106 889 41 17 Last
1152 891 65 19 spring,
1223 891 11 14 a
1240 888 52 21 study
1297 887 96 21 supported
1400 887 21 21 by
1426 887 48 16 three

870 917 91 17 members
969 916 18 17 of
995 915 28 18 Bill
1031 915 85 18 Clinton's
1124 919 40 13 own
1172 914 77 18 Cabinet
1257 914 76 17 showed
1342 914 36 16 that
1386 913 89 17 Medicare

870 943 29 16 will
909 944 23 16 be
941 942 86 21 bankrupt
1037 942 15 16 in
1061 941 34 18 five
1104 945 59 18 years.
1175 940 37 18 Bob
1222 940 45 18 Dole
1276 941 30 15 will
1317 941 29 16 act
1355 944 39 13 now
1403 941 17 16 to
1430 943 44 14 save

871 969 89 18 Medicare
967 968 26 19 for
999 968 57 18 future
1063 967 121 23 generations.
1191 968 26 17 As
1225 967 99 19 President,
1333 967 38 17 Bob
1379 966 43 17 Dole
1429 966 35 16 will:

871 1031 5 5 +
890 1024 50 17 Lead
952 1024 33 16 the
998 1022 55 18 effort
1064 1024 20 15 to
1097 1026 48 13 save
1159 1021 97 18 Medicare
1269 1020 47 18 from
1330 1020 112 20 insolvency
1453 1027 22 4 —

871 1050 141 23 guaranteeing
1025 1049 40 18 that
1077 1048 99 18 Medicare
1189 1048 33 16 will
1236 1048 24 17 be
1274 1047 97 18 available
1384 1048 18 15 to
1415 1045 60 18 future

871 1078 120 22 generations.

873 1139 5 5 +
885 1131 76 22 Support
967 1131 57 22 giving
1031 1130 90 18 Medicare
1128 1129 125 18 beneficiaries
1260 1128 29 18 the
1297 1128 42 22 right
1345 1128 18 17 to
1369 1128 70 17 choose
1446 1127 28 17 the

873 1160 38 17 kind
920 1158 18 19 of
945 1162 91 18 coverage
1044 1158 37 17 that
1089 1157 41 18 best
1138 1156 28 18 fits
1174 1156 43 17 their
1225 1160 40 13 own
1274 1154 83 22 priorities
1366 1154 35 17 and
1410 1154 63 17 needs.

873 1186 38 18 Bob
921 1186 43 17 Dole
974 1185 57 17 thinks
1040 1185 37 17 that
1086 1185 42 20 they
1137 1184 64 17 should
1211 1183 24 17 be
1245 1186 52 18 given
1308 1183 29 16 the
1347 1185 53 14 same
1410 1180 38 17 kind
1457 1179 18 18 of

873 1214 72 17 choices
951 1213 35 17 that
990 1212 67 18 federal
1062 1211 116 23 government
1184 1210 105 22 employees
1296 1210 46 17 have
1348 1209 35 17 had
1388 1207 26 18 for
1418 1211 56 17 years.

874 1273 5 7 +
884 1267 91 18 Advocate
981 1267 98 17 innovative
1085 1266 52 17 ideas
1143 1265 32 17 like
1181 1264 75 18 Medical
1262 1262 79 23 Savings
1346 1262 89 17 Accounts
1441 1261 34 17 and

874 1294 90 22 managed
972 1297 48 15 care,
1028 1297 22 13 as
1057 1292 37 18 well
1102 1296 22 13 as
1131 1291 96 18 traditional
1234 1289 143 19 fee-for-service
1385 1288 51 20 plans

875 1355 6 5 +
893 1347 122 18 Recommend
1025 1347 30 16 the
1065 1346 138 17 establishment
1212 1343 19 18 of
1240 1348 11 13 a
1262 1343 110 17 blue-ribbon
1383 1342 93 19 bipartisan

875 1375 81 20 advisory
961 1373 116 18 commission
1089 1380 9 5 —
1109 1372 64 17 similar
1177 1372 18 16 to
1200 1371 31 17 the
1236 1374 37 13 one
1278 1371 24 16 he
1308 1369 64 17 served
1379 1372 23 12 on
1409 1368 14 15 in
1442 1367 34 17 1983

876 1403 36 16 that
918 1402 58 17 saved
984 1399 59 19 Social
1051 1398 79 21 Security
1137 1407 22 3 —
1165 1399 18 15 to
1191 1397 51 17 solve
1249 1397 29 16 the
1287 1396 90 17 Medicare
1385 1393 54 18 crisis.

1073 1455 20 21 A
1103 1454 72 22 Better
1181 1453 100 22 America

878 1520 25 16 As
912 1518 97 18 President,
1021 1516 37 18 Bob
1068 1516 44 17 Dole
1121 1515 30 16 will
1161 1518 34 13 use
1205 1517 84 13 common
1299 1515 58 14 sense
1367 1511 86 17 solutions
1462 1511 17 14 to

879 1545 62 17 reform
951 1545 30 16 the
991 1543 58 18 health
1059 1547 43 12 care
1112 1541 80 21 industry.
1201 1539 106 18 Americans
1316 1538 51 17 won't
1377 1537 37 17 fear
1424 1535 55 21 losing

879 1571 42 17 their
931 1570 58 18 health
999 1573 42 14 care
1051 1567 77 18 benefits
1137 1567 52 17 when
1198 1567 42 20 they
1250 1566 53 17 leave
1312 1564 43 17 their
1363 1563 46 21 jobs.
1420 1562 59 17 States

879 1598 30 16 will
917 1597 23 17 be
948 1600 51 18 given
1007 1596 30 17 the
1046 1594 79 18 freedom
1134 1594 18 16 to
1160 1592 63 18 reform
1231 1591 94 18 Medicaid.
1332 1589 38 17 And
1377 1588 103 17 Americans

880 1624 15 15 in
904 1623 47 18 need
959 1622 18 18 of
983 1622 93 21 long-term
1083 1623 42 14 care
1132 1619 30 16 will
1170 1619 46 17 have
1225 1621 49 14 more
1282 1618 76 18 options.

865 1871 28 15 emg
903 1867 21 15 6.

780 1897 58 15 cnirgron,
850 1892 20 14 I

937 1866 44 13 Robert
986 1864 77 21 Lightniser,
1072 1862 65 15 Treasurer

950 1888 40 17 £202)
997 1887 75 15 44-6400
1079 1891 5 5 »
1091 1886 81 20 hutp:/huurw
1177 1882 119 20 dolekemp96.0rg

881 1891 50 14 20002

423 2015 29 14 920
461 2018 30 11 bint
497 2016 44 12 Sorees,
549 2014 51 13 Nowthe
663 2018 11 9 te
679 2006 30 22 500
716 2017 5 5 *
729 2014 80 19 Wesrngznn.
820 2024 5 3 1

875 1989 20 16 ‘9S,
904 1988 47 16 Robert
957 1990 76 17 Lighthieen,
1043 1991 65 13 Ireasurer

827 2014 18 14 IC
852 2013 49 15 20002
908 2017 5 5 *
926 2013 32 15 202}
967 2012 76 14 ¢iwSS00
1049 2015 5 7 ©
1061 2015 28 16 Hip
1095 2011 170 20 liurienzdoiekempy6.org
