1652 2219
374 254 65 23 aere
451 260 31 17 are
492 259 41 18 To
545 263 56 19 Main
612 263 104 26 croc.ems
726 262 47 21 with
783 267 36 17 dur
828 268 82 20 current
920 270 32 19 :ax
962 270 83 24 system.
1063 263 43 26 The
1115 268 112 27 American
1235 275 78 28 people
1323 280 33 18 are

283 293 131 22 cvertaxed,
433 293 47 22 And
491 299 42 30 cur
539 298 32 18 ‘ax
582 301 78 23 system
670 305 17 17 is
696 304 33 18 :00
740 298 145 28 burdensome,
895 307 35 19 too
940 303 103 28 complex,
1052 303 41 24 and
1101 308 35 20 too
1146 307 140 30 anti-growth,
1304 310 48 25 Bob

284 327 75 26 Te.e's
372 328 136 25 Pro-Growth
520 330 50 25 Plan
579 332 39 25 For
627 336 116 23 Amenca’s
753 335 97 25 Families
859 338 43 24 will
913 340 83 23 address
1005 339 58 25 these
1072 346 41 18 two
1121 344 107 28 proolems
1237 346 35 29 by:

375 400 62 43 First.
442 406 112 28 providing
565 410 120 22 immediate
694 415 32 17 tax
735 408 61 24 relief
802 408 33 25 for
843 417 62 22 every
915 412 111 24 American
1035 417 102 26 taxpayer.
1155 416 43 25 The
1208 419 55 23 Dole
1272 424 34 20 tax
1315 424 64 24 relief

283 441 48 26 pian
342 446 96 17 contains
450 442 31 21 the
493 440 110 32 Scilowing
613 444 124 29 provisions:

375 512 16 22 \.
417 511 98 25 Personal
526 514 83 25 income
619 520 33 19 tax
661 521 52 19 rates
722 516 41 24 will
772 517 25 23 be
805 512 94 29 lowered
908 518 27 29 by
947 519 47 23 15%
1003 520 20 23 in
1031 520 56 25 three
1095 527 57 26 steps
1162 526 86 31 starting
1257 527 22 23 in
1290 527 61 27 1997,

417 550 111 29 providing
538 555 35 19 tax
581 551 63 24 relief
650 553 187 24 across-the-board
845 553 41 24 and
896 554 97 30 reducing
1001 555 150 27 disincentives
1159 559 44 25 that
1210 562 51 25 hold
1271 562 54 26 back

416 586 112 24 economic
537 588 87 28 growth.

372 658 12 24 ied

417 658 119 27 Maximum
545 662 77 30 capital
630 663 59 29 gains
697 667 57 20 taxes
761 668 28 19 on
797 661 129 27 individuals
935 663 42 26 will
985 663 26 26 be
1019 665 91 26 lowered
1118 672 21 19 to
1151 668 49 25 14%
1209 675 21 20 to
1239 671 108 27 stimulate

416 696 74 31 saving
499 699 41 22 and
549 698 132 25 investment.
697 699 42 24 The
747 700 74 29 capital
830 699 61 30 gains
900 704 34 20 tax
943 705 39 19 rate
991 701 42 25 will
1041 702 26 24 be
1079 703 71 25 10.5%
1152 692 38 44 for
1200 692 63 44 those
1268 713 113 26 taxpayers
1391 711 21 25 ig

416 733 34 23 the
462 734 48 23 15%
519 734 90 24 bracket.

371 804 11 23 o

416 808 19 20 A
444 805 55 24 $500
509 806 65 24 credit
583 806 33 24 for
623 813 61 23 every
693 807 56 24 child
756 807 65 24 under
828 808 35 23 the
871 814 39 24 age
919 807 27 25 of
952 808 23 25 18
983 809 43 25 will
1035 810 26 24 be
1069 812 101 29 provided
1179 819 21 19 to
1210 814 52 25 low-
1271 818 40 23 and

415 842 175 24 midcle-income
600 842 96 26 families,
705 844 61 30 along
774 844 50 24 with
832 850 13 18 a
853 851 47 18 new
909 844 112 26 Education
1029 846 127 27 Investment
1163 852 100 24 Account
1271 852 51 26 with
1331 859 43 20 tax-

416 876 42 24 free
467 879 97 29 earnings
574 878 32 24 for
613 879 82 30 college
703 880 114 24 education.

369 949 20 21 +.
415 951 35 23 An
458 950 116 30 expansion
583 950 26 25 of
614 950 115 26 Individual
738 951 126 26 Retirement
871 954 107 24 Accounts
985 954 40 25 and
1033 954 33 25 the
1075 957 159 27 establishment
1242 959 27 27 of
1274 967 12 19 a
1290 958 93 41 spousal

416 986 48 25 IRA
472 991 21 20 to
502 993 86 19 remove
597 988 147 26 disincentives
752 994 20 20 to
780 989 74 30 saving
862 990 42 24 and
912 989 127 27 investment.
1056 991 89 27 Provide
1153 995 89 25 tax-free
1251 997 118 26 inceatives

416 1022 32 24 for
453 1024 39 28 job
501 1025 88 29 training
598 1025 41 24 and
648 1025 101 30 investing
757 1026 21 24 in
785 1025 118 24 education.

371 1099 19 17 3.
416 1093 77 30 Repeal
503 1094 26 24 of
534 1095 42 23 Bill
586 1095 104 24 Clinton's
702 1097 50 23 1993
763 1102 31 18 :ax
803 1096 48 24 hike
859 1103 29 18 on
896 1096 68 25 Social
972 1097 93 30 Security
1074 1099 90 26 benetics
1172 1102 44 23 that
1224 1102 57 26 hurts

416 1131 118 23 America’s
543 1131 87 24 seniors.

371 1199 45 24 The
425 1202 109 23 estimated
543 1201 75 25 effects
627 1209 28 17 on
663 1209 97 19 revenues
768 1209 49 18 over
824 1203 32 24 six
865 1210 60 22 years
934 1210 31 17 are
972 1210 23 18 as
1004 1203 89 26 follows:

958 1274 118 25 1997-2002
1084 1276 65 25 Toral

284 1377 120 24 Reduction
413 1378 21 24 in
443 1381 94 27 personal
548 1381 83 23 income
639 1386 33 18 tax
680 1386 51 19 rates
977 1380 13 25 S$
1012 1381 41 24 406

284 1412 82 30 Capital
376 1415 61 27 gains
445 1420 34 18 tax
488 1414 63 24 relief
1029 1417 23 24 13

283 1446 65 25 Child
357 1453 34 18 tax
400 1449 65 23 credie
1024 1452 25 22 75

284 1482 48 24 (RA
342 1485 125 26 expansion,
475 1486 119 23 education.
603 1486 92 29 taining,
704 1487 38 23 and
750 1487 57 23 other
815 1486 114 23 incentives
1025 1487 28 23 27,

284 1517 15 28 R
390 1518 43 27 993
497 1519 11 28 i
577 1520 66 29 Social
655 1521 67 28 Security
807 1520 13 29 benef

286 1580 60 39 Toral
971 1588 12 25 $
1013 1589 40 25 $48
