1704 2198
770 168 85 23 amages
864 167 40 21 and
914 167 48 26 pain
972 166 40 23 and
1022 166 112 29 surfering,
1145 173 22 17 or
1175 175 11 15 a
1194 169 88 31 cheaper
1291 174 70 28 solicy
1373 177 42 21 -hat

579 201 57 18 Cmic
648 204 97 23 camages
755 200 56 24 Ofly.
829 202 46 25 Any
884 200 112 25 economic
1006 202 102 29 damages
1118 208 36 17 not
1162 207 89 23 covered
1260 207 21 24 in
1290 210 33 22 the
1334 210 60 23 lacter

439 227 72 28 Policy
523 231 61 22 could
595 232 24 22 be
630 235 111 22 recovered
751 233 54 23 from
814 240 11 16 a
834 235 105 31 negligent
948 236 75 23 dnver.
1043 237 107 30 Damages
1159 239 32 24 for
1198 248 49 22 Pain
1255 245 41 23 and
1305 244 106 32 suffering

439 265 73 20 ‘would
522 267 25 20 Je
557 268 102 33 availabie
670 277 20 17 in
699 276 59 17 cases
768 270 107 32 invoiving
885 278 59 24 gross
953 271 128 32 negligence
1089 280 24 18 or
1121 274 82 27 alcohol
1212 280 40 23 and
1261 280 52 32 drug
1322 281 73 25 abuse.
1415 282 31 31 By

438 306 41 17 one
489 306 103 23 estimate,
603 312 47 18 auto
660 307 73 24 choice
742 307 64 24 could
814 308 74 25 reduce
896 316 26 18 an
931 315 91 24 average
1030 311 90 25 driver's
1129 314 70 30 yearly
1208 315 110 27 insurance
1322 314 126 42 premiums

439 338 27 29 Sy
478 338 50 25 29%
538 347 24 17 or
570 341 53 26 $221
636 351 35 22 ser
679 350 40 19 car.
736 344 68 25 States
813 345 42 25 will
863 347 26 23 be
897 347 48 24 able
955 352 20 19 to
984 352 37 24 opt
1029 353 38 19 out
1075 347 26 27 of
1107 349 41 26 this
1156 351 82 27 reform.

304 402 200 34 CONCLUSION

393 484 63 24 More
466 486 89 28 growth,
563 493 59 19 more
630 489 141 29 opportunity,
780 489 72 30 higher
859 496 78 24 wages,
946 491 43 23 less
998 497 145 25 government,
1153 496 64 25 lower
1225 503 65 20 taxes.
1307 500 47 25 Bob
1363 502 77 26 Dole's

304 517 140 28 Pro-Growth
454 521 52 25 Plan
514 523 18 23 is
540 523 35 24 the
583 525 55 28 right
645 524 50 31 plan
703 524 33 25 for
742 525 102 30 restoring
852 527 34 23 the
893 526 116 25 American
1016 527 86 27 Dream.

393 592 58 26 Each
459 593 27 25 of
492 593 47 35 Bob
548 594 76 26 Doles
634 596 112 25 initiatives
753 597 45 25 will
809 588 40 48 help
861 588 44 48 fuel
913 598 35 24 the
955 600 114 24 economic
1077 603 82 29 growth
1167 604 41 25 and
1216 608 136 30 Opportunity
1360 609 44 25 that

299 625 35 42 are
346 625 37 42 our
393 629 255 34 birthright
516 625 21 42 as
547 625 11 42 a
568 629 80 34 people.
660 628 56 48 Each
728 632 24 27 of
760 628 52 48 these
824 628 116 48 initiatives
952 628 60 48 draws
1024 628 24 48 on
1060 628 32 48 the
1104 628 72 48 simple
1188 628 128 48 proposition
1328 628 40 48 that
1380 628 36 48 the

303 666 116 25 American
428 669 84 29 people,
522 673 36 20 not
567 675 143 24 government,
719 676 33 19 are
761 671 34 24 the
802 676 43 19 true
853 670 111 32 guardians
972 670 27 26 of
1004 678 40 20 our
1051 672 95 28 freedom
1154 677 41 25 and
1202 680 124 31 prosperity.
1343 681 51 26 This
1405 683 17 25 is

303 703 34 23 the
347 703 71 24 vision
428 704 43 24 that
480 705 93 31 inspired
580 712 40 18 our
628 705 108 33 Founding
744 705 83 27 Fathers
835 707 60 25 when
903 708 49 30 they
960 708 106 29 declared,
1074 710 53 26 with
1133 714 67 29 proud
1207 721 98 26 courage,
1314 718 45 24 that
1366 719 28 25 ail

303 745 49 18 men
361 741 48 23 “are
418 741 106 25 endowed
532 742 27 28 by
568 742 53 25 their
629 742 86 26 Creator
721 744 51 24 with
780 744 75 25 certain
864 744 126 25 inalienable
998 744 83 32 Rights,
1089 747 44 25 thar
1140 755 77 27 among
1226 753 59 24 these
1293 760 34 19 are
1336 754 54 28 Life,

303 774 92 30 Liberty,
405 777 42 23 and
456 778 34 23 the
499 779 80 27 pursuit
587 779 26 24 of
618 779 139 31 Happiness.”
773 780 38 23 We
819 785 54 19 must
880 780 83 24 believe
971 781 22 24 in
1001 782 35 24 the
1045 789 73 23 power
1124 785 27 24 of
1156 785 102 27 freedom.
1274 789 39 24 We
1321 786 60 40 must

302 812 84 23 believe
396 813 20 23 in
425 815 118 23 ourselves.
561 815 37 23 We
607 821 55 18 must
670 822 53 18 once
731 816 61 31 again
800 821 55 20 seize
863 816 33 24 the
904 817 154 29 opportunities
1067 819 72 25 before
1147 828 25 17 us
1180 830 23 18 as
1211 825 100 24 America
1318 833 70 19 enters
1397 829 34 22 the

301 846 48 23 21st
358 853 95 23 cencury.
