1679 2219
753 72 120 29 nw

594 140 199 73 DOLE
821 137 209 75 KEMP

171 446 82 36 Ten
269 445 146 46 Things
444 423 74 57 You
534 437 89 43 Can
637 444 59 35 Do
712 443 56 37 To
784 443 100 47 Help
899 444 83 36 Bob
998 443 96 37 Dole
1109 444 79 36 and
1202 444 104 36 Jack
1319 444 130 47 Kemp

634 505 90 36 Win
740 504 231 37 California:

174 662 29 35 1)
214 661 73 29 Talk
297 666 30 24 to
338 670 72 27 your
421 659 117 34 friends,
550 659 156 37 neighbors
718 658 55 29 and
784 658 173 29 co-workers
969 658 87 29 about
1068 658 63 29 Bob
1143 658 75 29 Dole
1230 658 56 29 and
1297 659 70 29 Jack

223 709 103 37 Kemp.

174 804 31 35 2)
217 804 52 28 Put
280 812 17 20 a
308 802 181 37 Dole/Kemp
501 802 120 36 bumper
632 801 105 29 sticker
747 810 38 19 on
797 809 70 28 your
877 809 47 20 car
934 800 55 29 and
1001 800 64 37 sign
1077 800 29 29 in
1117 809 73 28 your
1200 800 70 37 yard
1281 817 24 5 --
1318 801 29 28 in
1358 801 97 37 public

223 850 76 28 view
310 866 24 4 --
346 854 49 24 not
406 849 107 29 hidden
524 857 39 20 on
574 857 72 28 your
656 847 179 38 refrigerator
845 856 32 20 or
888 847 28 29 in
927 856 71 28 your
1008 847 149 29 bedroom!

173 945 31 35 3)
217 944 88 29 Write
317 953 17 19 a
345 943 80 29 letter
435 948 29 24 to
476 943 47 29 the
534 942 93 29 editor
637 942 36 29 of
680 951 71 28 your
763 942 73 29 local
848 950 165 29 newspaper
1023 941 88 29 about
1121 941 67 37 why
1199 950 144 28 everyone
1355 942 106 28 should

223 997 67 23 vote
303 991 44 29 for
358 991 63 29 Bob
433 990 75 30 Dole
520 990 56 29 and
586 990 70 29 Jack
667 990 102 37 Kemp.

176 1088 30 34 4)
219 1086 64 30 Call
296 1086 28 29 in
335 1091 28 24 to
375 1095 72 27 your
459 1085 73 29 local
544 1085 59 29 talk
613 1084 80 29 radio
704 1093 32 20 or
746 1084 51 29 TV
809 1083 80 30 show
900 1083 28 29 in
939 1088 117 33 support
1066 1083 37 29 of
1109 1083 47 29 the
1167 1083 184 37 Dole/Kemp
1362 1083 96 29 ticket.

177 1182 30 35 5)
219 1181 88 29 Make
320 1190 62 20 sure
393 1189 144 28 everyone
548 1189 59 28 you
617 1179 87 29 know
715 1179 24 29 is
750 1178 152 38 registered
912 1184 29 24 to
952 1183 66 24 vote
1029 1178 187 37 Republican.

177 1276 31 36 6)
220 1276 56 29 Cut
287 1281 49 23 out
348 1275 151 37 important
510 1274 112 29 articles
635 1273 73 30 from
719 1282 72 29 your
802 1273 72 33 local
885 1256 179 58 newspapers
1076 1272 56 29 and
1143 1272 68 29 mail
1222 1272 79 29 them
1311 1277 30 24 to

216 1323 47 29 the
274 1322 159 30 California
443 1322 218 36 Headquarters:
684 1321 76 29 2150
772 1320 86 29 River
868 1320 82 29 Plaza
959 1319 88 30 Drive

680 1368 190 33 Sacramento,
881 1366 157 30 California
1048 1367 95 28 95833

168 1465 30 35 7)
210 1464 119 36 Always
341 1463 87 37 speak
439 1462 156 37 positively
606 1461 86 29 about
702 1461 47 28 the
760 1460 178 37 Dole/Kemp
948 1465 83 23 team.

179 1558 30 34 8)
221 1557 156 28 Volunteer
388 1561 27 23 at
426 1564 72 28 your
509 1555 74 28 local
595 1554 178 37 Republican
783 1553 203 37 Headquarters
997 1553 55 28 and
1063 1552 165 37 participate
1240 1552 29 28 in
1280 1552 47 28 the
1338 1551 107 29 GOTV

228 1603 60 36 (get
300 1607 49 24 out
358 1602 47 28 the
416 1602 80 35 vote)
507 1601 87 28 effort
605 1601 29 28 in
645 1609 72 28 your
727 1600 182 36 community.

181 1697 30 34 9)
223 1695 88 29 Make
323 1704 70 27 your
403 1703 66 20 own
480 1694 181 36 Dole/Kemp
673 1693 79 36 signs
764 1692 55 29 and
829 1692 109 37 display
948 1692 76 28 them
1036 1691 29 29 in
1076 1690 161 38 prominent
1248 1699 88 20 areas.

165 1789 47 35 10)
224 1788 105 28 Attend
341 1797 84 26 every
437 1787 181 36 Dole/Kemp
629 1786 71 36 rally
712 1785 28 29 in
751 1794 72 27 your
832 1793 63 20 area
905 1784 54 29 and
969 1784 83 29 cheer
1062 1792 72 28 your
1144 1783 73 28 head
1228 1782 68 29 off!!

62 2080 137 22 Authorized
207 2080 45 21 and
260 2080 53 28 paid
323 2079 33 21 for
363 2079 29 28 by
401 2079 147 28 Dole/Kemp
557 2079 40 23 ’96,
606 2078 82 21 Robert
696 2078 21 21 E.
727 2077 130 29 Lighthizer,
865 2077 112 21 Treasurer
1006 2102 2 2 _

61 2127 40 21 810
111 2127 51 21 First
170 2126 74 24 Street,
253 2126 119 21 Northeast
382 2131 10 10 *
403 2125 60 22 Suite
471 2126 40 21 300
522 2131 10 10 *
543 2125 153 28 Washington,
705 2124 39 21 DC
753 2124 68 21 20002
829 2119 7 38 ©
853 2123 56 25 (202)
917 2123 103 20 414-6400
