1679 2208
715 128 118 29 kkk

561 191 192 73 DOLE
783 192 207 73 KEMP

641 350 264 26 EDUCATION

119 435 54 24 Bob
185 435 74 24 Dole:

171 485 10 10 ¢
221 479 119 31 Supports
352 482 93 26 parents
456 477 45 24 and
512 477 59 24 their
581 477 61 31 right
652 482 23 20 to
685 477 90 25 choose
785 477 79 25 which
875 477 98 25 schools
983 477 62 25 their
1053 477 108 25 children
1171 486 45 17 can
1227 479 80 24 attend

171 528 10 10 ¢
221 523 119 30 Supports
352 522 159 30 Opportunity
523 521 166 31 Scholarships
702 521 35 24 for
747 529 58 23 poor
814 520 47 25 and
871 520 168 26 middle-class
1049 521 107 24 children

172 572 9 10 *
221 566 119 31 Supports
351 565 157 32 competition
519 565 23 24 in
552 572 44 17 our
605 565 97 25 schools
711 595 3 3 |

172 617 9 10 ¢
222 611 115 24 Believes
347 609 219 31 decision-making
577 609 117 31 authority
705 609 86 25 should
800 609 30 25 be
839 608 127 32 delegated
976 609 62 25 back
1048 613 24 21 to
1082 614 60 20 state
1152 609 47 25 and
1211 609 61 25 local
1283 610 84 24 school

221 651 90 26 boards
321 651 47 25 and
378 658 67 24 away
458 650 60 25 from
529 650 38 25 the
579 650 88 25 federal
678 650 157 31 bureaucracy
845 649 30 26 of
882 649 160 32 Washington

172 703 10 11 ¢
223 697 114 25 Believes
349 696 103 32 parental
465 695 162 25 involvement
638 695 19 25 is
668 695 37 25 the
716 695 44 31 key
771 700 23 20 to
804 694 128 32 educating
942 702 14 17 a
965 694 74 27 child,
1050 694 46 25 and
1107 700 41 19 not
1158 695 39 24 the
1207 700 158 26 government

172 747 11 11 ¢
223 741 114 25 Believes
350 740 98 31 English
459 739 86 25 should
555 739 29 25 be
595 739 38 24 the
643 738 92 26 official
747 739 115 31 language
873 738 82 31 taught
965 738 24 24 in
999 746 45 16 our
1053 738 98 25 schools

172 792 10 10 ¢
223 785 57 25 Will
293 785 62 32 fight
365 789 23 20 to
399 784 60 32 keep
469 791 43 18 our
521 783 98 25 schools
629 782 51 26 safe
690 783 46 25 and
746 787 23 21 to
779 787 53 27 stop
843 782 38 25 the
891 782 172 31 skyrocketing
1072 782 60 32 drug
1143 789 42 18 use
1196 782 120 31 inflicting
1327 790 43 17 our

222 826 110 26 students

120 909 51 25 Bill
181 909 115 25 Clinton:

173 960 10 11 ¢
223 953 116 26 Believes
349 960 66 17 more
427 951 86 26 federal
525 956 156 27 government
690 950 90 26 control
791 949 46 26 and
848 949 116 26 intrusion
975 949 20 25 is
1005 949 39 25 the
1054 948 107 26 solution
1171 953 24 20 to
1205 956 44 17 our
1259 948 109 32 growing

222 995 132 25 education
365 994 142 32 problems--
525 993 39 24 the
574 992 147 32 centerpiece
731 991 29 26 of
766 992 37 25 his
812 991 129 25 education
950 990 94 32 agenda
1054 990 20 25 is
1084 989 76 26 Goals
1171 989 72 26 2000,
1249 985 12 45 a
1278 989 75 31 thinly

224 1036 82 25 veiled
318 1035 88 25 federal
418 1042 79 24 power
507 1034 56 31 grab
573 1033 30 25 of
610 1038 58 20 state
678 1033 125 24 education
812 1032 127 30 authority,
949 1031 81 25 which
1041 1035 63 20 vests
1114 1038 14 17 a
1138 1030 105 25 national
1255 1030 84 25 school

224 1076 77 25 board
312 1076 58 24 with
379 1074 113 32 approval
503 1081 81 24 power
593 1081 58 17 over
660 1078 57 20 state
727 1072 45 25 and
783 1072 61 25 local
855 1071 84 26 school
950 1071 89 25 reform

175 1127 10 10 *
224 1121 116 30 Opposes
351 1118 84 25 school
445 1118 84 24 choice
539 1117 46 24 and
596 1117 123 27 vouchers,
729 1124 60 17 even
798 1115 92 31 though
900 1115 38 24 the
948 1114 112 25 Clintons
1070 1113 47 25 and
1126 1114 78 24 Gores
1215 1113 59 25 send
1284 1113 60 24 their
1353 1120 56 17 own

225 1160 111 24 children
346 1163 23 20 to
380 1158 89 31 private
480 1157 96 25 schools

177 1210 10 11 *
227 1204 114 25 Believes
352 1202 39 25 the
402 1201 87 25 federal
500 1201 157 30 bureaucracy
668 1199 86 26 should
763 1199 60 25 have
832 1197 119 32 authority
961 1205 26 18 as
997 1202 24 20 to
1032 1197 30 25 all
1073 1196 128 25 education
1210 1196 122 25 decisions

177 1254 10 11 *
227 1248 115 25 Believes
353 1246 48 25 that
412 1245 97 32 English
520 1245 23 25 in
553 1252 43 18 our
605 1244 96 26 schools
712 1243 85 26 should
806 1243 58 31 only
874 1242 29 25 be
913 1241 107 33 optional

178 1299 10 10 *
227 1292 136 25 Continues
373 1296 24 19 to
407 1290 95 25 cave-in
511 1294 24 20 to
546 1289 38 25 the
594 1288 115 26 demands
718 1288 30 25 of
754 1288 37 25 the
801 1287 107 25 teachers
918 1286 87 25 unions
1016 1285 24 25 in
1050 1285 82 31 regard
1142 1289 23 20 to
1176 1292 72 23 every
1259 1284 76 31 major

227 1331 130 26 education
367 1330 109 25 decision

288 1445 76 23 Under
372 1444 36 22 the
417 1442 172 30 Congressional
600 1441 134 30 Republican
744 1441 56 29 plan,
810 1439 109 30 spending
929 1439 34 23 for
971 1438 118 23 education
1099 1437 163 23 INCREASES

593 1479 28 29 by
631 1479 73 28 nearly
714 1478 26 24 $3
751 1477 77 23 billion
838 1481 52 18 next
898 1483 58 22 year.

162 1557 145 23 Meanwhile.
319 1555 68 23 under
397 1554 42 24 Bill
449 1554 96 23 Clinton.
556 1553 85 23 student
650 1553 54 29 drug
713 1559 38 17 use
760 1552 38 23 has
808 1550 152 30 skyrocketed,
971 1549 77 24 school
1058 1548 102 23 violence
1170 1547 39 24 has
1219 1546 122 24 worsened.
1352 1546 35 23 the

230 1594 93 23 Clinton
333 1592 182 23 Administration
525 1591 38 23 has
573 1591 54 22 tried
636 1595 22 18 to
667 1594 62 19 enact
738 1590 54 22 their
800 1595 51 16 own
861 1592 33 19 set
902 1587 28 24 of
936 1588 51 22 U.S.
997 1587 83 28 history
1087 1584 226 31 politically-correct

349 1628 140 24 “standards”
498 1628 83 27 (which
591 1634 56 16 were
657 1627 78 23 vetoed
744 1627 49 22 99-1
807 1626 28 28 by
844 1625 36 22 the
890 1625 51 22 U.S.
951 1624 97 26 Senate),
1058 1623 42 22 and
1109 1622 88 23 student

516 1668 42 19 test
566 1664 42 22 and
618 1663 89 29 reading
716 1669 72 17 scores
797 1662 104 22 continue
911 1665 21 18 to
941 1660 95 23 decline.

131 1741 91 23 Clinton
232 1740 118 23 continues
360 1743 21 18 to
392 1738 104 22 advocate
506 1738 35 21 the
551 1741 123 24 status-quo
684 1736 20 22 in
714 1735 74 29 regard
797 1739 23 18 to
828 1741 41 16 our
877 1733 96 24 schools.
991 1732 46 23 The
1047 1738 48 16 new
1104 1731 91 23 Clinton
1205 1736 101 23 program
1316 1728 103 23 unveiled

155 1782 21 18 at
185 1778 36 21 the
232 1775 142 24 Democratic
384 1774 102 23 National
496 1773 153 23 convention--
658 1772 116 23 “America
783 1770 85 24 Reads”
877 1769 95 22 --would
981 1773 48 18 cost
1038 1772 116 24 taxpayers
1163 1773 27 16 an
1200 1766 121 22 additional
1331 1765 65 23 $2.75

337 1811 78 23 billion
424 1810 42 22 and
476 1810 72 22 would
558 1809 47 22 also
615 1813 70 18 create
694 1815 53 16 over
756 1807 80 26 30,000
846 1813 49 16 new
904 1808 144 26 government
1057 1804 146 22 bureaucrats.

169 1886 39 22 We
218 1885 66 22 don’t
294 1884 55 22 need
359 1883 90 22 another
458 1886 143 25 government
611 1887 98 22 program
720 1885 21 17 to
751 1880 60 22 teach
821 1886 40 15 our
869 1878 98 22 children
977 1881 22 18 to
1009 1876 56 23 read.
1084 1876 40 21 We
1134 1875 56 22 need
1199 1879 22 17 to
1231 1874 51 28 give
1292 1877 93 25 parents,

392 1919 97 22 teachers
498 1918 42 22 and
551 1917 56 22 local
617 1917 75 22 school
703 1916 170 22 administrators
883 1920 60 16 more
952 1913 90 22 choices
1051 1911 43 23 and
1104 1917 61 17 more

550 1953 85 22 control
644 1959 53 16 over
705 1959 39 15 our
752 1950 119 23 children’s
880 1948 124 23 education.

437 2030 54 24 Can
502 2037 34 16 we
545 2029 64 30 truly
618 2028 83 31 afford
709 2027 104 25 another
815 2026 65 31 four
885 2032 73 24 years
967 2024 33 31 of
1004 2023 118 25 Clinton?

31 2126 135 21 Authorized
176 2126 44 20 and
230 2126 53 27 paid
294 2125 33 21 for
335 2125 28 27 by
374 2124 142 29 Dole/Kemp
527 2125 38 20 '96,
576 2124 79 21 Robert
664 2124 19 21 E.
695 2124 125 28 Lighthizer,
829 2123 113 20 Treasurer

31 2173 37 20 810
78 2172 52 21 First
138 2171 75 22 Street,
223 2172 120 20 Northeast
355 2176 9 9 *
375 2170 59 22 Suite
443 2171 38 21 300
493 2176 9 10 *
513 2170 150 24 Washington.
674 2170 36 22 DC
720 2170 64 21 20002
796 2175 9 10 ¢
817 2169 56 23 (202)
883 2169 103 20 414-6400
