1689 2192
690 102 120 30 kx

541 169 191 72 DOLE
760 164 209 72 KEMP

268 327 69 23 “And
349 325 35 23 if
382 312 11 43 |
397 326 95 21 become
502 329 59 22 your
571 321 128 24 President,
708 325 44 23 you
763 316 46 23 will
820 316 28 23 be
859 321 38 23 my
906 317 119 27 partners.
1045 311 8 23 I
1063 311 74 23 won’t
1148 309 87 30 [make]

406 362 125 23 education
541 360 114 22 decisions
665 358 50 22 that
725 356 83 30 you’re
818 357 41 20 not
868 360 14 16 a
891 355 54 27 part
954 351 28 24 of
990 349 104 30 making.

349 403 7 21 [
368 396 77 27 won%t
451 400 75 28 forget
537 399 37 21 the
585 397 80 29 people
675 396 51 22 that
735 392 104 30 brought
849 397 37 17 me
895 394 23 19 to
928 390 40 22 the
977 388 80 22 White
1067 386 103 24 House.”

381 439 44 22 Bill
434 438 99 22 Clinton,
542 436 98 22 Address
649 438 23 18 to
681 433 38 22 the
727 429 111 26 National
846 428 130 24 Education
979 420 153 38 Association

492 473 77 23 Board
576 472 28 28 of
609 472 115 22 Directors
733 468 60 23 PAC
798 466 110 28 Meeting,
920 464 51 23 12/I
973 462 53 24 2/91

260 551 141 25 CLINTON
412 547 145 26 CHOOSES
568 545 96 24 UNION
674 542 83 25 CASH
766 540 88 24 OVER
862 538 67 24 OUR
937 534 192 27 CHILDREN’S
1140 532 123 25 FUTURE

112 630 114 30 Although
238 627 118 25 teachers’
369 625 83 23 unions
462 626 110 26 represent
581 619 73 29 barely
668 619 35 23 1%
711 616 28 25 of
744 616 36 24 the
790 615 52 27 U.S.
852 612 137 31 population,
998 610 53 29 they
1060 608 47 24 will
1116 608 93 23 control
1219 613 13 16 a
1241 605 130 30 whopping

116 670 55 24 12%
182 669 28 23 of
217 668 40 23 the
267 666 119 29 delegates
397 667 23 19 to
430 662 45 23 this
484 660 78 30 year’s
572 656 147 26 Democratic
728 652 162 26 convention—
899 649 75 30 nearly
983 655 44 17 one
1038 647 21 24 in
1068 646 68 30 eight.
1152 645 94 24 Source:
1257 642 94 25 Florida

116 707 164 25 Times-Union,
293 702 102 25 8/25/96;
406 700 89 24 Atlanta
504 697 152 25 Constitution,
668 688 92 40 8/26/96

116 782 115 29 Although
235 770 12 45 a
264 779 57 24 third
331 777 27 23 of
365 777 36 22 the
410 774 103 24 National
525 771 118 24 Education
653 767 141 25 Association
804 772 36 16 are
850 762 149 31 Republicans
1009 760 43 23 and
1061 765 55 17 over
1124 758 55 22 40%
1188 756 67 23 voted
1266 755 34 23 for
1310 753 85 24 Ronald

118 821 90 28 Reagan
218 818 43 22 and
271 817 90 27 George
373 813 59 24 Bush
443 812 20 22 in
477 810 62 24 1988,
549 809 35 22 the
594 808 65 22 union
669 806 39 23 has
717 805 55 23 been
781 809 44 17 one
833 801 28 24 of
867 801 36 22 the
913 797 142 26 Democratic
1065 795 86 29 Party’s
1160 793 127 24 staunchest
1297 791 43 23 and
1349 795 58 18 most

118 856 89 31 prolific
218 858 136 26 supporters.
372 851 92 23 Source:
476 847 83 24 Forbes
569 846 118 29 magazine,
700 841 74 25 6/7/93

121 933 22 22 In
153 931 36 23 the
203 928 99 24 1993-94
312 926 96 24 election
418 923 70 30 cycle,
499 922 35 22 the
543 920 59 23 NEA
613 925 53 23 gave
676 924 12 16 a
697 915 120 30 whopping
826 911 135 26 $2,230.050
971 914 22 18 to
1004 909 132 22 Democrats
1145 905 42 23 and
1194 904 47 29 just
1250 902 97 25 $25.800
1358 905 22 18 to

121 968 160 31 Republicans.
301 965 92 23 Almost
403 962 57 23 99%
471 960 27 23 of
505 960 38 22 the
553 957 82 24 NEA’s
644 953 172 26 contributions
825 953 62 20 went
896 952 23 20 to
929 948 140 23 Democrats
1080 944 21 23 in
1110 943 46 23 that
1165 942 70 29 cycle.
1260 941 93 22 Source:

121 1007 110 24 Almanac
241 1004 28 30 of
274 1001 98 26 Federal
381 1000 72 23 PACs,
465 997 56 24 FEC

126 1084 22 21 In
158 1083 36 21 the
208 1078 99 25 1991-92
317 1076 96 23 election
423 1073 69 29 cycle,
503 1072 35 22 the
547 1070 60 23 NEA
616 1075 54 23 gave
680 1064 133 28 $2,221,947
823 1067 22 18 to
856 1062 130 23 Democrats
995 1057 44 24 and
1048 1055 96 27 $82,175
1155 1058 22 19 to
1188 1051 170 31 Republicans--
1368 1056 12 15 a

126 1117 129 30 staggering
264 1115 29 23 27
304 1119 22 17 to
331 1107 11 44 |
359 1112 62 23 ratio.
438 1111 91 22 Source:
539 1107 106 23 Almanac
654 1104 28 29 of
685 1101 95 25 Federal
788 1099 73 24 PACs,
874 1097 55 24 FEC

129 1192 92 28 Despite
231 1190 37 22 the
277 1187 85 24 NEA’s
373 1185 84 23 fervent
466 1180 126 31 opposition
601 1183 22 19 to
632 1176 76 25 school
717 1174 86 25 choice,
813 1178 66 18 more
889 1171 56 22 than
954 1175 46 17 one
1009 1168 23 22 in
1043 1167 46 22 five
1098 1164 63 23 NEA
1171 1163 106 23 teachers
1286 1160 81 28 (22%)

130 1231 59 21 have
199 1228 89 22 chosen
299 1229 23 18 to
333 1223 66 29 place
408 1221 62 22 their
478 1218 106 24 children
593 1216 23 23 in
626 1215 90 30 private
724 1211 99 24 schools.
840 1208 76 24 That’s
926 1212 62 17 more
997 1204 51 23 than
1058 1202 65 24 twice
1132 1201 36 22 the
1177 1198 97 24 national
1284 1202 101 23 average.

131 1265 85 24 Forbes
226 1263 123 29 magazine,
362 1258 76 24 6/7/93
951 1246 2 2 5

134 1339 129 27 According
273 1341 22 18 to
305 1335 36 23 the
353 1332 86 28 Weekly
447 1328 117 26 Standard,
573 1327 59 23 NEA
641 1325 42 24 and
691 1321 128 27 NEA-PAC
830 1319 57 25 staff
893 1317 127 31 participate
1031 1315 21 22 in
1061 1313 29 23 all
1100 1310 99 32 political
1208 1309 43 23 and
1261 1307 74 24 senior
1344 1305 56 24 staff

134 1376 110 28 meetings
255 1373 52 23 held
317 1372 29 27 by
355 1371 37 22 the
402 1366 139 26 Democratic
551 1366 67 27 Party.
635 1363 91 23 Source:
739 1358 85 29 Weekly
831 1354 116 26 Standard,
959 1351 93 25 6/24/96

136 1451 31 23 So
178 1450 37 22 far
224 1449 24 22 in
261 1446 66 24 1996,
337 1445 39 22 the
386 1443 62 23 NEA
458 1442 41 22 has
508 1438 115 24 endorsed
635 1436 40 23 185
684 1433 157 25 candidates—
850 1430 31 23 all
891 1429 145 23 Democrats.
1053 1424 93 23 Source:
1160 1419 85 29 Weekly
1253 1415 116 26 Standard,

138 1486 92 24 6/24/96
475 1497 2 2 °

140 1561 60 22 “The
209 1559 62 23 NEA
282 1561 38 18 not
329 1555 53 28 only
392 1551 144 27 consistently
545 1555 63 23 urges
618 1547 26 23 its
653 1546 35 23 2.2
698 1544 85 24 million
793 1541 111 24 members
912 1543 22 19 to
943 1542 52 18 vote
1006 1535 34 24 for
1049 1531 140 26 Democratic
1198 1528 128 25 candidates
1336 1527 39 22 but

142 1599 47 21 also
200 1597 63 28 gives
273 1595 36 21 the
321 1594 130 21 Democrats
461 1587 97 23 millions
568 1585 24 23 of
600 1584 79 24 dollars
690 1583 20 22 in
719 1579 116 30 campaign
845 1580 96 26 support.
960 1573 50 24 And
1020 1571 93 30 perhaps
1123 1572 58 19 most
1191 1567 124 28 important,
1326 1564 15 22 it

144 1633 104 30 provides
258 1632 60 21 them
329 1628 52 22 with
392 1634 26 15 an
428 1632 60 21 army
498 1623 26 23 of
530 1622 114 28 campaign
654 1619 130 23 volunteers.
796 1634 3 4 .
811 1634 4 4 .
832 1613 91 28 Getting
931 1618 27 16 an
967 1610 61 23 NEA
1038 1607 115 23 volunteer
1161 1611 40 15 can
1212 1603 27 22 be
1249 1602 43 22 like
1302 1600 85 29 getting
1396 1605 12 15 a

145 1671 46 22 free
201 1667 100 31 political
311 1664 132 23 consultant.
460 1661 60 22 NEA
530 1658 98 23 manuals
637 1655 72 30 depict
718 1661 12 16 a
739 1650 137 28 remarkably
885 1644 158 33 sophisticated
1052 1642 94 28 training
1155 1645 102 25 program
1268 1637 34 23 for
1310 1634 118 29 campaign

146 1703 147 33 operatives.”
314 1701 41 23 The
368 1698 55 23 Wall
430 1698 70 23 Street
508 1693 98 26 Journal,
617 1691 91 25 8/23/96

149 1780 69 27 Many
227 1777 28 23 of
261 1777 37 22 the
309 1775 71 22 issues
389 1779 29 15 on
429 1770 70 23 which
509 1769 35 22 the
553 1767 60 23 NEA
623 1765 84 23 lobbies
715 1769 36 16 are
760 1758 123 26 traditional
893 1753 142 27 ultra-liberal
1045 1751 86 30 agenda
1140 1750 64 22 items
1213 1747 46 23 that
1267 1746 56 22 have
1333 1743 92 27 nothing

149 1821 22 17 to
181 1815 28 22 do
220 1814 52 21 with
282 1810 126 24 education.
427 1809 88 25 Among
524 1805 66 22 them:

202 1861 10 10 ¢
252 1857 19 21 A
281 1853 152 29 single-payer
443 1847 94 24 national
547 1845 71 23 health
628 1850 48 16 care
685 1846 81 25 system

204 1903 10 10 ¢
252 1894 94 26 “Strict”
356 1900 44 22 gun
410 1890 83 24 control
504 1890 53 22 laws

205 1945 10 11 *
255 1936 121 26 Statehood
387 1935 34 23 for
429 1934 36 23 the
475 1932 89 24 District
572 1929 27 24 of
605 1927 117 25 Columbia

208 1987 9 11 ¢
256 1982 46 22 The
313 1978 68 29 Equal
393 1977 76 28 Rights
480 1973 145 24 Amendment

257 2018 93 22 Source:
371 2013 42 23 The
423 2012 97 23 Phoenix
529 2009 94 23 Gazette,
637 2005 87 24 9/20/95

52 2110 136 24 Authorized
197 2109 44 20 and
252 2107 52 29 paid
315 2107 32 20 for
355 2106 29 27 by
394 2103 144 26 Dole/Kemp
548 2101 38 20 ‘96.
596 2100 77 20 Robert
683 2098 20 21 E.
714 2096 126 29 Lighthizer,
849 2094 112 20 Treasurer

53 2160 38 20 310
101 2158 52 20 First
161 2156 74 22 Street,
245 2153 120 21 Northeast
376 2157 9 9 *
396 2151 60 21 Suite
465 2149 38 21 300
515 2153 9 10 *
536 2146 147 28 Washington,
693 2143 37 22 DC
739 2142 66 21 20002
817 2146 9 10 *
838 2140 57 24 (202)
904 2137 103 22 414-6400
