1679 2192
704 100 188 73 DOLE
924 104 213 72 KEMP

526 229 141 35 Clinton
686 232 68 33 Has
769 232 214 36 Abandoned
1000 236 57 33 the
1073 235 86 34 War
1172 245 43 26 on
1232 237 112 46 Drugs

319 324 125 24 Democrat
454 324 171 32 Congressman
636 327 96 25 Charles
742 328 84 31 Rangel
835 328 91 31 (former
934 329 127 27 Chairman
1070 331 30 31 of
1103 331 37 25 the
1149 332 75 26 Select
1252 338 113 23 Committee
1374 345 30 17 on
1413 339 139 30 Narcotics):

326 364 16 23 ‘I
356 372 23 15 ve
391 364 58 38 been
460 372 21 14 in
492 364 116 31 Congress
619 374 54 15 over
682 373 42 18 two
732 367 101 25 decades,
845 367 46 24 and
897 368 12 24 I
916 368 58 25 have
983 377 73 18 never,
1069 377 73 19 never,
1155 379 69 18 never
1233 373 78 31 found
1317 383 45 23 any
1369 377 187 28 Administration

424 409 14 12 =
500 404 69 23 that’s
596 405 56 23 been
661 412 26 16 so
696 405 67 24 silent
771 413 29 16 on
808 405 42 25 this
857 412 66 25 great
930 407 123 32 challenge
1062 414 24 18 to
1094 408 38 24 the
1139 412 121 23 American
1265 414 111 30 people.”

708 443 63 25 CNN
776 444 68 26 News,
853 444 103 31 January
965 445 34 26 31,
1014 446 64 24 1994.

301 517 125 25 Clinton’s
436 519 93 23 actions
538 519 77 30 speak
623 519 85 24 louder
717 520 57 24 than
782 520 77 25 words

303 603 10 12 °
354 600 63 31 Days
426 599 58 25 after
493 601 78 30 taking
579 599 79 28 office,
668 600 91 26 Clinton
766 607 38 19 cut
811 601 36 25 the
857 601 68 26 White
933 602 81 26 House
1021 603 61 33 drug
1089 604 70 32 office
1166 605 60 32 staff
1228 605 29 31 by
1264 607 63 24 83%.

303 648 10 12 *
352 644 95 25 Clinton
456 644 40 25 did
506 650 39 19 not
554 652 66 17 name
628 652 14 17 a
650 645 69 31 “drug
727 645 64 25 czar”
799 646 53 25 until
860 646 51 31 July
918 645 30 26 of
957 647 65 28 1993,
1033 648 91 32 leaving
1132 649 38 25 the
1178 655 51 26 post
1237 656 81 20 vacant
1327 651 35 26 for
1371 653 13 23 7
1393 655 96 24 months.

303 692 11 13 *
352 689 118 25 Clinton’s
479 689 108 25 National
597 689 101 31 Security
706 689 94 26 Council
809 691 97 31 dropped
914 690 38 26 the
960 691 59 32 drug
1026 699 49 18 war
1082 692 59 26 from
1150 700 44 19 one
1202 694 29 25 of
1235 695 38 25 the
1281 700 39 27 top
1329 696 61 25 three

353 728 115 30 priorities
477 733 23 19 to
509 728 102 24 Number
619 728 29 24 29
657 735 30 17 on
690 724 10 39 a
719 728 36 24 list
761 728 29 24 of
795 728 34 25 29.

303 775 11 12 *
353 772 24 23 In
392 772 65 27 1993,
467 771 92 25 Clinton
569 777 38 19 cut
614 772 56 30 drug
680 772 137 25 interdiction
825 772 78 26 efforts
912 773 30 30 by
951 774 78 30 nearly
1038 774 57 26 $231
1108 775 95 26 million.

303 819 10 12 ¢
353 815 67 24 From
434 815 57 24 1992
501 820 23 19 to
537 816 64 27 1995,
610 815 92 25 Clinton
711 816 126 25 eliminated
845 816 43 25 227
897 822 67 26 agent
972 818 113 30 positions
1094 818 59 26 from
1162 820 37 24 the
1208 820 68 25 DEA.

302 862 11 12 *
351 859 95 24 Clinton
456 859 99 31 adopted
563 866 14 17 a
585 859 76 31 policy
670 859 29 25 of
704 860 108 31 releasing
819 860 42 25 and
869 861 96 31 sending
973 861 59 25 back
1039 867 25 20 to
1073 863 93 25 Mexico
1174 864 56 31 drug
1239 866 125 30 smugglers
1375 867 136 31 intercepted
1519 873 23 19 at

351 903 43 17 our
403 896 82 24 border
494 897 54 24 with
559 897 44 24 less
611 897 52 24 than
676 897 41 24 100
726 897 85 31 pounds
819 897 28 26 of
851 898 123 32 marijuana
981 906 32 18 on
1021 899 58 25 their
1087 900 67 31 body.

302 943 11 12 *
352 940 48 24 The
409 940 94 25 Clinton
513 941 193 27 Administration,
716 941 68 25 under
791 941 110 32 objection
910 941 59 28 from
978 942 39 26 the
1025 943 78 25 Secret
1111 944 98 28 Service,
1220 945 75 25 issued
1303 953 130 24 permanent

353 978 76 24 White
440 978 77 25 House
527 985 78 24 passes
613 983 23 20 to
645 979 129 31 employees
783 979 49 25 who
840 980 106 25 admitted
954 985 24 20 to
987 980 85 32 having
1080 982 56 24 used
1145 982 75 32 illegal
1228 983 89 31 drugs--

353 1016 119 31 including
480 1016 74 28 crack,
563 1016 94 25 cocaine
665 1017 44 24 and
718 1017 134 25 LSD---with
860 1024 64 18 some
933 1017 130 32 frequency.

303 1091 44 24 Bill
357 1091 100 25 Clinton
468 1092 43 24 has
520 1092 51 24 also
579 1092 130 31 appointed
717 1092 100 26 officials
824 1093 56 25 with
887 1100 58 24 very
953 1094 99 25 curious
1060 1095 72 24 views
1141 1095 101 32 relating
1250 1099 25 21 to
1283 1097 73 31 drugs

303 1176 11 12 *
353 1172 111 30 Joycelyn
474 1172 85 28 Elders,
569 1173 100 30 Surgeon
678 1173 101 25 General:
785 1173 100 32 publicly
890 1174 126 31 suggested
1021 1175 50 24 that
1078 1182 33 17 we
1119 1175 95 31 legalize
1221 1176 77 31 drugs.

304 1220 11 11 ¢
353 1216 66 24 Mike
429 1215 119 31 McCurry,
559 1216 73 24 White
641 1216 77 25 House
726 1216 137 32 spokesman:
880 1217 23 25 “I
912 1224 47 18 was
967 1224 14 18 a
989 1218 39 24 kid
1037 1218 22 25 in
1068 1219 37 24 the
1117 1219 75 24 1970s.
1209 1220 44 24 Did
1262 1220 9 24 I
1280 1221 79 24 smoke
1366 1228 14 17 a
1384 1221 59 30 joint
1453 1221 56 25 from

353 1254 56 23 time
418 1258 23 19 to
450 1253 69 24 time?
535 1253 36 25 Of
575 1260 87 21 course,
671 1253 8 25 I
688 1254 59 24 did.”
765 1254 66 25 White
838 1255 77 25 House
919 1262 69 24 press
996 1254 103 33 briefing,
1107 1255 54 31 July
1170 1256 32 27 16,
1215 1257 63 24 1996.

305 1300 10 12 ¢
353 1297 65 23 Janet
428 1296 71 27 Reno,
508 1298 109 29 Attorney
625 1296 102 25 General:
745 1297 38 25 has
792 1298 82 30 spoken
881 1302 40 20 out
928 1298 89 31 against
1024 1298 54 25 stiff
1082 1299 118 24 minimum
1209 1304 115 20 sentences
1332 1301 46 23 that
1385 1308 37 17 are

354 1334 134 29 mandatory
497 1333 35 24 for
542 1329 50 42 drug
605 1329 113 42 offenders
728 1329 39 42 and
777 1329 39 42 has
826 1329 130 42 complained
966 1329 49 42 that
1025 1329 60 42 there
1095 1329 36 42 are
1144 1329 36 42 too
1193 1329 50 42 many
1256 1329 85 42 dealers
1351 1329 25 42 in
1387 1329 79 42 prison.

298 1407 51 23 The
358 1407 97 23 Results
464 1407 29 23 of
499 1407 97 24 Clinton
605 1407 67 31 Drug
680 1407 78 30 Policy

305 1490 11 11 *
354 1486 67 24 After
433 1486 24 24 13
467 1486 94 30 straight
569 1474 66 42 years
640 1486 29 24 of
674 1487 93 27 decline,
774 1487 57 31 drug
838 1494 38 17 use
884 1494 85 23 among
977 1487 71 24 12-17
1051 1487 118 30 year-olds
1177 1487 42 24 has
1226 1490 61 21 risen
1296 1488 69 24 105%
1373 1490 62 22 since
1444 1488 45 23 Bill

355 1523 93 23 Clinton
458 1530 47 16 was
513 1522 91 24 elected.

307 1569 10 11 ¢
355 1565 63 23 Teen
427 1565 124 29 marijuana
559 1572 39 16 use
607 1565 39 24 has
655 1566 57 24 risen
724 1566 71 24 141%.

308 1611 10 12 °
357 1607 108 24 Between
477 1607 57 24 1994
543 1607 43 24 and
598 1607 54 24 1995
662 1608 71 27 alone,

358 1644 47 23 Use
413 1643 29 24 of
448 1643 56 24 LSD
513 1650 50 17 rose
573 1643 53 24 54%

357 1680 102 24 Cocaine
467 1687 40 17 use
516 1687 50 17 rose
579 1681 65 23 166%

358 1717 127 29 Marijuana
494 1723 39 18 use
542 1724 50 17 rose
601 1717 60 24 37%.

308 1763 11 12 °
357 1760 42 23 We
409 1760 56 23 have
475 1759 48 24 also
533 1766 52 17 seen
594 1766 13 17 a
615 1760 105 23 dramatic
729 1759 95 24 increase
833 1760 20 23 in
861 1766 134 24 emergency
1003 1766 62 17 room
1074 1759 64 24 visits
1147 1759 60 24 since
1216 1759 43 24 Bill
1268 1759 90 24 Clinton
1367 1759 38 23 has
1415 1759 55 23 been

357 1796 96 26 elected;
462 1798 95 21 cocaine
566 1802 131 23 emergency
704 1803 61 16 room
773 1796 130 24 admissions
911 1803 41 16 are
960 1801 24 18 at
991 1795 37 24 the
1036 1795 89 31 highest
1132 1795 68 24 levels
1208 1802 52 17 ever
1267 1794 106 31 reported

308 1867 45 24 Bill
360 1867 93 24 Clinton
461 1867 56 24 does
526 1873 39 17 not
572 1874 60 16 seem
641 1873 22 18 to
672 1867 83 24 believe
764 1875 31 16 we
803 1868 54 24 have
864 1876 16 15 a
886 1870 88 22 serious
982 1867 59 30 drug
1044 1867 104 30 problem
1156 1869 22 21 in
1186 1867 43 23 this
1237 1872 96 24 country,
1345 1874 54 16 even
1408 1867 61 23 when

308 1906 109 21 Statistics
426 1903 131 30 hauntingly
564 1903 63 23 show
634 1903 120 24 otherwise.
775 1904 34 23 We
816 1911 42 16 can
865 1911 30 17 no
903 1904 80 30 longer
989 1903 77 30 afford
1072 1908 23 19 to
1103 1903 56 23 have
1167 1910 16 16 a
1189 1902 117 24 President
1314 1902 52 25 who,
1379 1902 61 23 when
1448 1902 70 23 asked

310 1939 28 29 by
345 1946 16 16 a
366 1946 79 23 young
449 1946 86 22 person
544 1946 29 16 on
582 1939 63 25 MTV,
662 1939 35 30 “If
697 1946 45 22 you
749 1939 46 24 had
801 1942 16 20 it
824 1945 21 18 to
853 1940 29 23 do
890 1947 55 16 over
952 1941 72 28 again,
1037 1938 74 24 would
1113 1946 47 22 you
1168 1938 106 23 inhale?”
1281 1945 99 16 answers
1389 1938 51 22 with

310 1975 105 29 laughter
427 1974 72 26 “Sure,
512 1974 22 29 if
543 1974 6 24 I
553 1974 72 24 could.
643 1975 13 23 I
661 1975 59 23 tried
725 1975 98 29 before.”

156 2044 135 22 Authorized
300 2045 44 21 and
353 2045 54 28 paid
416 2045 34 21 for
457 2045 30 28 by
496 2045 144 30 Dole/Kemp
650 2047 39 22 96,
699 2047 77 22 Robert
784 2047 20 22 E.
813 2047 126 29 Lighthizer,
948 2048 113 22 Treasurer

156 2089 39 21 310
204 2089 51 22 First
262 2089 74 23 Street,
345 2090 121 22 Northeast
476 2096 11 10 ¢
497 2090 60 23 Suite
565 2092 40 21 300
622 2098 4 10 «
637 2093 146 28 Washington,
793 2093 36 22 DC
837 2093 66 22 20002
913 2098 10 11 ©
934 2093 57 24 (202)
1000 2094 104 21 414-6400
