1684 2208
130 292 56 29 Bob
197 292 68 29 Dole
276 294 56 27 Has
343 294 69 27 Been
422 296 23 25 A
460 294 201 38 Congressional
669 296 98 33 Leader
779 299 27 24 in

265 341 152 37 Protecting
427 339 43 29 the
479 341 195 29 Environment

102 416 114 27 Eighty-six
229 422 66 21 years
310 423 50 22 ago,
376 417 93 23 another
483 418 134 27 Republican
631 422 203 23 environmentalist,

101 449 111 22 President
223 451 71 26 Teddy
306 451 127 24 Roosevelt,
447 453 55 23 said,
515 453 31 21 “of
557 453 25 21 all
594 454 35 20 the
642 454 113 25 questions
767 456 67 20 which

100 487 40 17 can
148 489 65 15 come
220 483 77 23 before
304 485 41 21 this
354 486 79 23 nation,
443 486 59 20 short
509 485 23 21 of
537 486 38 21 the
581 487 71 21 actual
661 489 145 22 preservation
814 488 22 21 of

100 515 23 21 its
134 515 113 23 existence
258 522 18 14 in
288 522 13 16 a
311 519 63 26 great
383 524 47 17 war,
442 518 61 21 there
514 519 17 20 is
542 524 57 17 none
610 520 67 21 which
687 524 117 21 compares
815 521 17 19 in

100 549 130 24 importance
243 550 47 20 with
303 550 37 21 the
353 552 79 19 central
446 552 49 20 task
507 552 23 20 of
541 552 84 27 leaving
638 552 40 21 this
691 552 48 21 land
752 559 56 15 even
821 559 12 16 a

100 582 66 20 better
175 582 63 25 place
247 582 32 20 for
287 588 39 15 our
334 583 154 22 descendants
498 584 51 21 than
559 584 12 20 it
580 584 17 21 is
607 584 32 21 for
646 584 43 22 us.”

100 646 44 21 Bob
154 646 53 23 Dole
217 648 42 21 has
269 648 83 26 always
362 648 134 22 understood
506 649 37 22 the
553 651 41 25 key
603 650 43 22 role
655 651 44 20 that
708 651 35 20 the
752 650 81 23 federal

99 681 141 25 government
251 681 61 25 plays
323 680 20 20 in
354 682 118 27 protecting
483 683 36 20 the
530 683 153 20 environment.
696 682 45 22 Bob
752 682 53 23 Dole
816 685 16 21 is

99 712 35 21 the
141 712 48 27 only
197 712 141 23 Presidential
346 714 118 21 candidate
471 720 53 15 ever
530 717 21 18 to
560 714 56 22 have
623 717 65 20 voted
695 715 32 22 for
733 717 42 20 and
784 717 48 25 help

100 750 53 20 pass
161 750 65 21 every
235 746 68 26 major
310 746 64 25 piece
382 746 23 21 of
412 746 169 23 environmental
590 749 116 23 protection
716 749 116 26 legislation

99 782 18 15 in
126 778 36 20 the
172 778 50 25 past
230 777 29 21 25
268 784 72 19 years.
352 778 39 22 He:

99 849 6 5 *
118 841 167 25 Co-sponsored
298 843 37 21 the
347 843 55 21 Safe
414 843 97 27 Drinking
523 843 71 22 Water
601 846 44 21 Act,
658 846 67 20 which
737 850 94 16 ensures

98 874 84 24 healthy
191 874 94 26 drinking
294 876 68 19 water
369 875 33 21 for
410 875 26 21 all
442 876 134 21 Americans.

98 944 7 7 +
119 937 82 26 Played
217 943 13 15 a
246 938 42 26 key
303 940 46 20 role
365 944 19 15 in
399 940 97 26 passing
510 940 38 21 the
562 940 72 21 Clean
648 941 73 21 Water
734 942 45 21 Act,
794 943 37 20 the

98 969 141 27 Endangered
246 965 89 39 Species
344 965 44 39 Act,
396 972 43 21 and
447 972 35 21 the
489 972 94 21 National
592 972 164 22 Environmental
764 974 67 26 Policy

97 1003 43 21 Act.

99 1075 7 7 +
117 1068 41 21 Led
169 1068 36 22 the
216 1068 69 22 Clean
294 1069 34 20 Air
336 1069 40 21 Act
385 1070 21 20 to
418 1075 107 22 passage,
537 1076 13 15 a
562 1070 39 22 law
611 1072 44 20 that
665 1070 164 28 fundamentally

99 1101 102 22 reformed
209 1102 37 20 the
254 1102 101 25 previous
363 1103 38 21 law
408 1104 43 20 and
460 1108 17 17 is
484 1104 129 27 recognized
621 1109 26 16 as
654 1110 44 15 one
704 1104 22 21 of
731 1105 36 20 the
775 1107 55 20 most

99 1134 110 27 sweeping
219 1135 170 22 environmental
399 1136 53 21 laws
461 1142 53 15 ever
521 1137 102 20 enacted.

99 1207 7 8 +
120 1201 80 26 Played
215 1206 13 16 a
242 1201 124 27 significant
380 1203 45 21 role
440 1207 17 15 in
472 1203 119 28 amending
605 1203 36 21 the
656 1203 89 22 Federal
759 1203 71 23 Water

100 1233 98 21 Pollution
207 1233 86 21 Control
299 1235 40 19 Act
347 1235 18 18 in
376 1235 53 20 1971
441 1235 21 21 to
471 1235 49 26 help
528 1235 106 22 eliminate
642 1236 36 21 the
685 1236 114 27 discharge
807 1238 22 21 of

99 1266 112 25 pollutants
222 1266 42 21 into
274 1268 115 25 navigable
399 1268 79 21 waters
487 1268 44 21 and
541 1270 21 19 to
571 1274 82 15 ensure
661 1268 36 22 the
707 1270 92 26 integrity
807 1270 23 21 of

99 1298 34 20 the
143 1298 89 22 nation’s
241 1300 67 20 water
316 1300 79 26 supply
403 1300 28 26 by
440 1300 77 27 uniting
526 1300 81 22 federal
616 1301 43 21 and
669 1303 56 20 state
734 1302 78 21 efforts.

99 1369 7 7 +
115 1363 124 20 Introduced
248 1363 36 20 the
294 1363 84 21 Private
387 1363 100 27 Property
497 1365 74 26 Rights
576 1365 39 21 Act
623 1366 21 20 to
652 1371 79 15 ensure
740 1366 43 21 that
791 1366 36 21 the

98 1397 149 23 government
259 1394 67 27 justly
340 1397 170 24 compensates
525 1398 103 25 property
642 1403 88 15 owners
745 1397 33 22 for
790 1399 37 20 the

98 1426 100 26 “takings”
207 1426 24 22 of
238 1428 80 23 private
329 1429 98 25 property
436 1428 31 21 for
476 1428 69 26 public
553 1434 49 16 use.

99 1499 6 6 +
113 1491 44 20 Has
165 1491 48 27 long
221 1491 119 25 supported
348 1491 88 28 funding
443 1494 21 20 to
470 1498 106 20 preserve
582 1499 39 15 our
627 1494 79 21 natural
714 1500 113 16 resources

98 1523 103 26 including
212 1525 36 20 the
261 1524 103 23 Presidio,
376 1525 37 20 the
426 1524 79 22 Florida
517 1524 133 28 Everglades
661 1527 42 19 and
713 1527 114 21 America’s

99 1556 95 20 National
204 1556 73 20 Parks.

526 2044 100 18 Autnorized
631 2046 34 16 end
668 2049 42 20 pacd
716 2045 24 18 for
747 2046 18 23 by
772 2048 42 16 Duie.
819 2048 49 22 Kemp
879 2047 29 17 "96,
917 2046 57 18 Rovere
981 2046 93 24 Lightsizer,
1085 2048 79 16 ivcasurer

871 303 5 6 *
886 295 81 24 Served
975 303 26 16 as
1008 303 14 17 a
1029 299 41 25 key
1076 299 102 21 architect
1185 300 22 21 of
1212 300 37 22 the
1258 302 58 21 1996
1323 302 61 21 Farm
1393 303 33 21 Bill
1433 303 69 21 which
1510 305 98 22 contains

870 333 44 18 one
929 330 22 21 of
964 331 38 21 the
1017 332 60 21 most
1091 331 128 27 significant
1233 335 163 21 conservation
1412 336 128 25 provisions
1555 342 54 17 ever

870 363 93 22 enacted.
985 363 50 23 This
1050 364 115 26 provision,
1180 367 127 22 introduced
1322 367 28 27 by
1364 367 61 24 Dole,
1441 371 116 21 maintains
1570 372 37 21 the

870 395 155 24 Conservation
1035 398 99 22 Reserve
1142 399 109 27 Program,
1260 402 66 20 curbs
1333 404 69 19 water
1408 403 100 25 pollution
1515 405 90 27 through

870 430 34 21 the
913 430 170 23 Environmental
1090 432 85 27 Quality
1183 434 107 21 Incentive
1298 434 103 27 Program
1409 438 44 20 and
1462 438 100 23 provides
1569 439 37 21 the

869 464 124 21 restoration
1006 465 22 20 of
1039 465 106 21 wetlands
1158 466 27 26 by
1197 466 123 28 increasing
1332 469 38 20 the
1382 469 112 22 Wetlands
1507 470 99 22 Reserve

869 497 106 26 Program.
986 497 24 20 At
1023 497 93 21 Senator
1128 498 73 22 Dole’s
1213 500 127 24 insistence,
1352 501 38 21 the
1402 502 31 20 bill
1445 502 48 22 also
1506 504 99 23 provides

868 528 58 22 $300
935 529 74 21 million
1019 529 32 21 for
1058 530 37 21 the
1104 533 126 20 restoration
1239 533 23 20 of
1270 533 37 21 the
1317 533 81 21 Florida
1409 530 141 35 Everglades.

867 627 57 29 Bob
933 627 70 29 Dole
1015 628 62 28 Will
1087 629 136 28 Continue
1234 639 25 19 to
1271 632 103 28 Protect
1383 633 60 27 and
1451 629 153 46 Strengthen

1040 675 60 27 Our
1109 676 120 28 Natural
1236 678 197 28 Environment

865 751 30 20 As
905 751 117 23 President,
1034 751 46 22 Bob
1090 751 54 22 Dole
1152 752 43 21 will:

866 820 7 8 *
884 814 93 25 Support
987 815 88 25 policies
1084 815 46 22 that
1140 818 57 23 keep
1207 821 39 17 our
1255 818 151 21 environment
1416 819 49 21 safe
1477 820 41 21 and
1530 822 68 22 clean,

866 848 79 22 protect
957 848 37 20 the
1006 849 98 24 property
1116 849 65 25 rights
1193 849 24 21 of
1228 850 25 20 all
1263 850 136 23 Americans,
1413 852 43 20 and
1470 856 47 21 give
1529 854 71 20 states

865 880 42 19 and
920 880 54 20 local
986 881 151 20 communities
1149 881 37 20 the
1198 881 103 26 flexibility
1312 884 51 24 they
1377 884 58 20 need
1448 885 21 19 to
1482 885 117 25 effectively

865 912 58 20 meet
931 911 43 21 real
983 912 168 21 environmental
1161 912 135 27 challenges.

864 982 7 6 +
879 974 106 22 Continue
992 977 21 19 to
1020 977 133 24 support
1120 970 33 39 the
1160 978 156 25 development
1323 978 23 21 of
1352 979 155 26 non-polluting
1514 981 84 20 electric

864 1009 94 20 vehicles
966 1009 42 20 and
1016 1009 89 21 cleaner
1111 1009 123 22 alternative
1242 1010 56 22 fuels
1306 1016 26 16 as
1340 1012 29 20 he
1377 1012 42 21 has
1426 1012 60 21 done
1493 1012 61 22 since
1561 1013 36 21 the

865 1040 75 21 1970s.

863 1113 7 6 +
882 1105 106 23 Continue
999 1108 21 20 to
1033 1108 89 25 support
1134 1107 90 22 reforms
1236 1108 23 21 of
1269 1108 37 23 the
1318 1108 124 26 Superfund
1455 1110 101 26 Program
1568 1115 27 17 so

862 1139 43 21 that
915 1140 36 20 the
961 1145 98 22 program
1070 1139 91 22 focuses
1171 1146 28 16 on
1209 1141 37 22 the
1255 1142 95 26 cleanup
1359 1142 24 22 of
1392 1143 124 21 hazardous
1526 1145 68 19 waste

863 1172 53 20 sites
923 1184 28 3 —
960 1174 35 19 not
1003 1178 28 15 on
1041 1173 98 23 endless,
1149 1175 121 23 expensive
1279 1175 44 21 and
1334 1175 120 21 ineffective
1463 1175 103 28 litigation.

1100 1274 24 26 A
1134 1275 89 26 Better
1229 1276 123 26 America

861 1348 30 21 As
898 1348 119 23 President,
1025 1348 46 22 Bob
1079 1348 53 23 Dole
1138 1351 36 19 will
1182 1351 100 21 continue
1290 1353 21 19 to
1318 1351 50 26 fight
1375 1351 32 21 for
1413 1357 14 15 a
1434 1352 92 23 cleaner,
1535 1352 58 21 safer

861 1380 152 21 environment.
1028 1381 31 21 He
1071 1382 36 20 will
1119 1383 56 20 work
1187 1383 22 20 to
1220 1387 81 16 ensure
1314 1383 45 20 that
1370 1389 39 14 our
1420 1385 66 19 water
1498 1384 94 21 remains

861 1412 49 21 safe
920 1413 22 21 to
952 1413 63 23 drink,
1028 1417 38 17 our
1076 1417 29 17 air
1116 1413 62 21 clean
1189 1415 22 19 to
1222 1414 82 23 breath,
1316 1415 43 20 and
1371 1420 39 16 our
1421 1416 48 20 land
1481 1416 109 24 protected

861 1444 85 27 against
955 1445 97 25 pollution
1062 1445 43 21 and
1114 1445 147 27 degradation.

334 2073 35 13 810
378 2073 40 13 Hire
427 2071 50 19 Street,
486 2072 87 17 Nortneast
580 2077 8 7 *
595 2073 44 17 Suite
644 2073 37 19 360
688 2079 7 6 »
703 2073 102 24 Washingron,
815 2074 32 18 DC
854 2075 59 17 20002
921 2079 6 6 *
936 2074 49 20 (202)
994 2074 90 23 414-6400
1092 2079 7 7 *
1106 2074 249 23 hitp:l!wwiadolehemp96.arg
