1083 1684
169 373 99 95 is
307 375 348 94 there
697 401 77 65 a

171 489 720 94 difference?

92 1005 122 23 “There’s
223 1006 48 21 not
278 1009 15 18 a
302 1004 97 23 dime’s
409 1003 81 24 worth
500 1002 29 24 of
536 1002 158 26 difference;
703 1001 65 24 both
775 1000 121 29 political
901 1001 102 28 parties

89 1041 45 18 are
142 1035 96 24 alike.”

94 1097 22 23 “|
125 1099 61 22 vote
195 1096 41 24 for
244 1096 44 24 the
296 1100 106 25 person,
414 1096 47 22 not
471 1094 44 24 the
522 1093 101 30 party.”

94 1159 35 23 “If
137 1159 42 23 I’m
189 1158 133 29 anything,
333 1158 42 22 I’m
385 1156 210 29 Independent.”

120 1222 18 21 A
147 1221 31 22 lot
186 1221 24 22 of
219 1212 139 31 Americans
365 1210 48 32 feel
422 1220 45 22 this
475 1225 52 21 way
536 1219 72 27 today
617 1219 47 22 and
672 1218 119 26 certainly,
801 1217 41 22 the
850 1216 87 23 voters’

93 1253 94 22 instinct
195 1252 35 22 for
238 1252 103 26 electing
350 1251 41 22 the
399 1251 58 27 right
465 1250 128 22 candidate
601 1250 23 21 at
633 1249 40 22 the
682 1248 57 28 right
747 1249 62 25 time,

93 1283 139 28 regardless
241 1282 24 23 of
274 1283 72 26 party,
357 1282 46 22 has
411 1286 90 22 proven
511 1280 60 23 itself
580 1281 54 21 time
642 1280 47 22 and
698 1280 75 27 again.

122 1344 55 23 Few
186 1344 77 22 would
272 1344 112 26 question
393 1343 40 22 the
443 1343 146 25 importance
597 1346 26 17 or
632 1342 40 21 the
682 1346 82 22 power
772 1340 24 22 of
805 1341 40 21 the
854 1340 165 25 Independent

94 1376 56 21 vote
159 1375 20 21 in
188 1375 111 26 deciding
308 1374 93 26 closely
409 1373 132 22 contested
550 1373 126 21 elections.
688 1372 51 21 And
748 1372 13 21 it
769 1371 20 22 is
797 1372 50 21 true
856 1370 47 22 that

95 1406 57 22 both
161 1406 88 26 parties
256 1409 45 18 are
310 1405 58 21 alike
377 1405 20 20 in
406 1409 69 21 many
484 1404 123 25 respects.

123 1468 125 23 However,
259 1468 24 20 to
292 1467 81 26 ignore
382 1471 14 16 a
404 1465 151 22 candidate's
564 1465 65 26 party
637 1464 113 22 affiliation
760 1464 19 21 is
787 1464 25 20 to
820 1463 59 21 miss
887 1463 40 21 out

95 1503 31 17 on
135 1503 49 17 one
193 1498 24 22 of
226 1497 40 22 the
274 1498 67 26 great
349 1497 151 26 advantages
508 1495 25 22 of
542 1495 40 22 the
591 1495 123 26 two-party
723 1494 101 27 system.
834 1492 50 23 The

95 1534 56 21 very
160 1533 89 17 reason
258 1528 48 21 that
313 1533 15 16 a
336 1527 127 22 candidate
472 1527 20 21 is
500 1526 68 22 listed
577 1530 30 17 as
624 1531 5 16 a
638 1523 182 24 REPUBLICAN
829 1529 26 16 or
863 1529 14 16 a

95 1558 167 23 DEMOCRAT
271 1558 19 22 is
299 1558 48 22 that
355 1558 32 21 he
395 1562 26 17 or
429 1557 47 22 she
485 1556 145 23 subscribes
638 1557 24 21 to
671 1556 41 22 the
720 1555 67 23 basic
796 1554 97 27 political

96 1589 142 27 philosophy
246 1589 35 22 for
289 1589 76 22 which
374 1588 48 22 that
431 1588 65 26 party
505 1587 133 22 stands...
