1704 2198
705 33 125 48 EESS
844 33 98 39 208

702 73 93 85 ye
843 77 150 48 DOLE

744 134 58 22 FOR
815 130 174 25 PRESIDENT

743 200 87 27 FACT
840 198 109 28 SHEET

453 264 122 31 Restoring
586 268 35 20 :he
632 268 117 21 Americas
760 265 88 22 Dream:
867 264 45 22 Bob
923 263 72 24 Dole’s
1006 263 147 24 Pro-Growth
1164 264 52 25 Plan
1226 266 36 23 for

697 300 121 25 America’s
828 298 100 26 Families

363 377 101 27 Amenca
474 375 63 28 today
548 377 16 22 is
576 376 120 29 competing
706 375 20 23 in
735 374 33 23 the
777 377 53 19 most
838 373 96 28 dynamic
942 372 65 24 world
1016 379 103 24 economy
1128 380 32 17 we
1168 374 54 25 have
1230 383 49 19 ever
1287 384 57 20 seen,

274 413 76 23 Scores
361 411 24 23 of
393 410 107 25 countries
511 414 115 26 populated
635 413 27 28 by
672 412 101 23 hundreds
782 409 25 25 of
813 409 91 25 millions
912 407 21 26 of
942 407 76 33 people
1025 415 34 19 are
1066 410 120 32 discarding
1194 415 77 23 central
1280 415 103 31 planning

274 456 20 16 in
305 448 61 23 favor
375 449 25 22 of
409 449 42 22 ‘ree
461 454 122 23 exterpmse.
601 449 53 22 New
664 449 88 23 markets
760 453 32 17 are
800 446 90 30 opening
899 450 20 19 to
928 445 110 25 American
1046 446 68 30 goods
1123 448 40 23 and
1170 449 99 26 services.

275 484 164 29 Entrepreneurs
449 490 34 18 are
493 485 130 29 developing
632 491 47 17 new
688 483 141 30 technologies
837 487 20 19 to
864 486 67 19 create
939 483 97 28 products
1043 488 34 18 we
1084 484 64 24 could
1156 484 54 24 have
1217 485 51 30 only
1276 485 68 31 dimly

275 520 109 30 imagined
390 520 45 30 just
445 527 11 16 a
464 520 82 23 decade
555 526 47 23 ago.
620 520 98 24 America
725 520 70 24 stands
802 524 28 19 on
839 518 32 24 the
879 516 105 26 threshold
991 517 26 24 of
1022 524 12 17 a
1042 518 142 32 breathtaking
1193 520 74 28 furure,
1277 523 51 23 with

276 561 81 27 greater
364 557 157 29 opportunities
531 556 33 24 for
572 556 113 24 economic
694 557 77 31 growth
780 554 40 25 and
827 553 113 31 prosperity
948 554 49 25 than
1004 558 20 20 at
1031 560 40 23 any
1079 554 51 25 time
1138 555 75 32 during
1221 563 38 19 our
1267 558 94 25 nation’s

276 595 87 26 history.

366 665 49 27 Yet,
425 667 70 23 rather.
502 667 49 23 than
559 665 83 31 seizing
651 665 57 24 these
716 663 153 32 opportunities,
877 663 34 24 the
919 661 84 25 Clinton
1011 662 173 26 Administration
1192 664 38 25 has
1239 666 62 24 caken
1308 671 14 18 a
1329 667 74 29 “grow

278 703 67 24 slow”
355 703 108 29 approach
472 708 20 18 to
503 701 113 26 American
625 701 109 25 economic
743 700 75 31 policy.
834 699 84 25 Clinton
925 698 172 25 Administration
1104 698 94 26 officials
1206 701 54 23 have
1268 702 122 30 apparently

278 739 121 24 concluded
408 741 44 21 that
460 741 35 21 the
504 742 83 19 current
595 744 89 23 average
692 737 73 25 annual
774 737 77 28 growth
859 739 41 19 rate
907 734 27 24 of
937 734 59 25 2.4%
1004 740 115 24 represents
1126 736 35 24 the
1169 742 60 19 outer
1236 736 55 25 limit
1298 737 28 24 of

280 774 120 24 America’s
410 775 114 23 economic
533 774 109 29 potential.
665 773 42 25 The
715 773 109 23 American
833 771 73 30 people
914 771 52 24 have
974 770 48 30 paid
1030 776 8 18 e
1048 771 52 30 high
1107 771 57 30 price
1172 772 33 24 for
1212 774 35 23 the
1255 773 88 24 Clinton

280 811 200 22 Administration's
490 810 90 29 neglect:
598 810 80 29 growth
687 810 16 22 is
712 808 86 25 anemic;
808 808 91 23 incomes
907 806 41 23 and
955 812 69 23 wages
1032 812 34 17 are
1074 812 102 23 stagnant:
1185 808 41 23 and
1234 809 92 24 workers

281 846 179 27 understandably
470 845 41 23 feel
521 851 59 18 more
589 845 41 23 and
639 851 56 17 more
704 844 86 25 anxious
797 843 62 24 about
867 842 32 23 the
909 841 71 24 future.

372 916 24 24 In
406 916 70 24 order
485 921 22 19 to
517 920 74 20 create
602 917 69 29 rising
679 917 95 22 incomes
783 914 33 24 for
824 913 28 24 all
861 913 135 25 Americans,
1003 918 33 17 we
1044 917 59 19 must
1111 916 92 21 commit
1211 916 113 23 ourselves
1334 920 21 18 to
1365 923 13 15 a

283 954 35 22 far
328 959 63 17 more
401 952 124 24 ambitious
535 953 120 23 endeavor.
671 951 91 24 Growth
772 954 57 20 must
838 950 25 23 be
870 950 39 28 the
916 948 83 24 ceatral
1007 948 49 30 goal
1063 948 27 24 of
1095 948 50 25 U.S.
1154 952 113 22 economic
1276 952 80 29 policy.

283 988 123 24 Economic
416 989 155 30 growth--and
582 989 37 22 the
628 989 68 29 rising
704 987 67 30 living
778 986 117 24 standards
903 984 44 24 and
956 985 123 29 prosperity
1088 985 17 22 it
1113 989 84 20 creates
1205 986 37 23 for
1250 986 29 24 all

284 1025 239 24 Americans—sbould
532 1025 28 24 be
570 1025 37 22 the
615 1023 107 25 standard
732 1023 28 30 by
767 1022 71 24 which
847 1022 27 22 all
883 1020 110 24 economie
1001 1020 88 30 policies
1098 1026 38 17 are
1144 1021 91 30 judged.
1250 1023 107 23 America

284 1068 42 17 can
336 1061 29 24 do
375 1061 75 24 better
459 1061 18 24 if
483 1068 34 15 we
526 1065 31 19 set
568 1061 127 24 ambitious,
703 1059 40 24 but
751 1058 120 26 reachable,
880 1056 83 31 growth
973 1056 58 30 gosis
1040 1056 36 23 for
1083 1063 43 17 our
1134 1062 94 25 country
1237 1058 45 23 and
1291 1059 52 23 then

286 1097 133 29 implement
428 1098 38 21 the
475 1097 91 29 policies
576 1102 116 23 necessary
701 1100 21 19 to
732 1096 86 22 achieve
827 1094 64 22 them.

376 1169 49 22 Bob
436 1169 54 22 Dole
501 1169 95 22 believes
606 1168 36 23 the
651 1173 104 22 economy
764 1172 38 16 can
812 1171 57 24 grow
878 1168 22 19 at
909 1170 27 17 an
945 1163 80 24 anual
1034 1167 47 19 rate
1092 1163 23 24 of
1120 1163 69 24 3.5%.
1206 1165 50 23 And
1264 1165 26 22 he
1298 1164 43 24 wiil

289 1206 123 27 implement
422 1210 12 17 a
443 1204 49 29 olan
501 1209 20 18 to
531 1203 88 24 achieve
627 1204 41 23 this
677 1203 52 30 goal.

289 1275 47 24 The
347 1275 93 24 Clinton
450 1274 89 24 Record

380 1346 42 23 Bill
432 1346 88 23 Clinton
529 1346 54 23 likes
592 1351 20 18 to
620 1345 63 23 claim
692 1351 30 16 we
731 1345 50 22 have
789 1343 32 23 the
830 1346 98 24 strongest
936 1346 100 21 economy
1045 1339 21 24 in
1073 1346 13 17 a
1094 1340 125 30 generation.
1236 1340 41 25 But
1284 1341 111 23 economic

292 1382 82 30 growth
383 1382 37 23 has
429 1382 56 23 been
492 1381 91 24 anemic;
593 1380 47 25 and,
650 1380 19 23 if
674 1386 40 23 you
723 1384 69 23 accept
799 1380 33 22 the
840 1377 82 24 Clinton
930 1375 188 25 Administration's
1126 1381 49 17 own
1182 1376 135 29 projections.
1325 1376 35 23 the

292 1424 106 21 economy
409 1417 43 24 wil!
463 1418 92 28 struggle
564 1417 63 29 along
636 1422 21 18 at
664 1415 57 25 2.3%
729 1414 77 32 growth
814 1415 41 21 into
863 1413 32 23 the
903 1416 48 19 next
957 1416 89 23 Century.
1061 1417 65 19 (Sewer:
1137 1417 40 18 Dr.
1166 1409 11 41 1.
1183 1417 61 22 Sugile.
1250 1418 48 16 White
1304 1418 48 17 House
1358 1417 41 17 Press

293 1460 70 19 Briering,
369 1460 31 17 July
410 1459 21 16 14.
441 1460 47 15 90m,
504 1452 77 30 Wages
590 1452 40 23 and
639 1452 92 23 incomes
740 1450 31 23 for
778 1448 90 29 working
875 1447 119 23 Americans
1002 1452 33 16 are
1043 1451 100 24 stagnant.
1160 1446 97 24 Families
1266 1453 34 17 are
1308 1446 64 29 being

295 1488 105 29 squeezed
409 1488 27 27 dy
447 1487 65 28 rising
523 1487 67 23 taxes.
603 1484 123 26 Blisinesses
735 1491 32 17 are
774 1484 88 27 choking
869 1488 27 17 on
904 1486 131 24 government
1043 1482 120 28 regulacon.

384 1556 56 23 This
450 1557 17 22 is
477 1557 37 21 the
524 1556 155 23 fundamental
688 1556 74 27 reality
771 1554 23 23 of
801 1554 34 22 the
844 1552 86 23 Clinton
940 1550 174 29 economy—high
1124 1555 58 18 taxes
1192 1550 44 23 and
1245 1554 108 24 stagnant

298 1598 80 23 wages.
395 1591 52 23 This
456 1591 17 23 is
484 1591 33 23 the
527 1591 40 27 key
577 1595 19 19 to
607 1591 139 22 middle-viass
754 1588 84 28 anxiety.
855 1587 40 23 [tis
904 1585 44 29 why
958 1584 72 30 people
1039 1583 39 24 feel
1087 1584 47 29 they
1143 1591 34 16 are
1184 1584 97 30 working
1289 1585 80 23 harder.

299 1628 37 21 but
346 1626 74 28 calling
430 1626 78 22 further
516 1625 86 23 behind:
612 1626 46 26 why
667 1625 45 28 they
722 1624 77 23 believe
808 1624 31 21 the
847 1626 76 19 current
932 1620 115 28 generation
1055 1619 66 24 won't
1129 1620 25 22 be
1162 1626 22 16 as
1192 1618 119 24 successfui
1319 1625 23 17 as
1351 1620 35 21 the

301 1664 38 20 last
349 1661 129 28 generation:
488 1660 49 28 why
547 1660 48 28 they
604 1660 80 22 believe
693 1659 50 23 their
749 1659 89 23 children
846 1654 40 25 will
895 1657 24 22 oe
928 1660 64 17 worse
999 1654 38 23 off:
1047 1654 47 28 why
1103 1655 47 27 they
1160 1654 39 23 feel
1208 1660 24 17 so
1241 1654 90 23 anxious
1339 1654 65 22 about

302 1695 51 23 their
362 1695 112 22 economic
485 1694 73 23 fucure.

201 1806 123 18 Authorized
333 1805 39 17 and
382 1805 46 22 paid
439 1803 28 19 for
475 1804 25 17 by
510 1802 49 20 Dole
568 1808 28 13 ror
605 1801 100 19 President,
714 1801 39 19 inc..
762 1801 64 17 Robert
834 1799 105 22 Lighcuzer.
948 1795 94 19 Treasurer

202 1846 35 17 S10
247 1844 46 18 First
301 1843 65 19 Street.
376 1843 107 18 Northeast
494 1847 8 8 *
512 1842 53 19 Suite
573 1842 35 18 300
619 1846 7 8 ¢
637 1841 124 23 Washington.
770 1839 41 20 O.C.
819 1837 55 19 TUS
884 1836 64 19 #1202)
955 1837 86 16 diana
