1684 2208
303 129 143 50 K-12
456 125 275 59 Education

380 233 121 22 Americans
508 235 41 21 Are
557 235 105 32 Spending
668 238 59 21 More
735 246 26 13 on

416 269 117 23 Education
542 271 46 22 and
596 273 83 29 Getting
688 275 42 20 Less

287 328 34 17 Bob
331 328 42 18 Dole
383 333 14 13 is
407 333 10 13 a
428 331 57 20 strong
496 331 74 18 believer
580 332 14 15 in
602 332 92 19 America’s
704 335 54 19 public
767 335 89 17 education

286 355 64 18 system.
363 355 30 16 He,
401 355 26 16 his
433 355 37 16 wife
477 357 34 15 and
518 357 26 16 his
550 358 83 20 daughter
639 363 45 12 were
690 360 84 17 educated
781 365 14 10 in
803 361 53 18 public

286 379 73 17 schools.
368 379 31 18 But
406 381 54 20 today,
468 382 29 16 too
504 386 51 16 many
563 383 54 19 public
624 385 70 16 schools
702 385 44 17 have
753 386 45 16 been
805 387 50 16 taken

285 408 40 13 over
332 406 21 18 by
361 409 22 12 an
392 406 90 21 education
492 409 91 19 monopoly
590 410 35 15 that
633 409 36 17 fails
677 411 16 15 to
701 414 37 17 give
747 414 28 13 our
784 412 70 16 children

285 431 28 14 the
320 430 43 16 skills
371 431 39 19 they
417 433 45 14 need
470 434 17 14 to
494 435 80 16 compete
582 438 14 9 in
604 437 30 12 our
640 435 55 19 global
702 439 84 16 economy

285 478 36 17 Two
330 481 28 15 out
366 480 18 16 of
392 485 51 16 every
453 483 47 15 three
511 482 114 20 17-year-olds
634 483 22 17 do
666 486 28 15 not
703 485 47 16 knew
759 487 34 15 that
802 486 51 17 World

284 504 36 16 War
326 504 8 15 Il
340 509 36 11 was
382 505 57 21 fought
444 508 90 15 sometime
539 507 77 17 between
624 508 43 17 1900
672 511 33 15 and
713 510 47 16 1950,
767 513 87 18 according

284 530 15 15 to
305 533 10 12 a
321 529 48 19 study
375 529 21 20 by
401 531 28 16 the
435 525 76 30 National
522 525 100 30 Assessment
633 534 18 16 of
655 533 106 17 Educational
767 530 80 30 Progress.

284 553 34 17 The
326 555 49 19 study
382 556 38 16 also
429 558 64 17 reports
501 557 35 16 that
544 556 22 18 20
574 558 69 18 percent
651 558 17 16 of
675 559 38 21 high
721 560 58 16 school
788 563 65 14 seniors

284 583 28 13 are
319 579 104 21 functionally
431 581 77 17 illiterate.
716 595 4 3 .

283 630 37 16 Just
328 630 78 22 throwing
414 634 63 18 money
485 634 17 15 at
509 633 29 16 the
546 634 75 18 problem
629 637 14 13 is
651 635 28 15 not
687 635 28 16 the
723 639 68 13 answer.
801 637 14 14 in
824 637 27 16 the

284 656 37 18 past
329 655 22 17 30
359 660 55 16 years,
423 658 81 18 per-pupil
513 658 84 21 spending
606 663 21 12 on
636 660 89 16 education
734 661 31 16 has
773 661 78 18 doubled,

283 682 27 19 yet
316 685 75 18 average
398 681 38 18 SAT
444 687 60 13 scores
513 684 44 17 have
564 685 75 20 dropped
647 688 40 14 over
694 685 22 17 50
723 686 59 19 points.

323 759 44 23 Bob
375 760 52 22 Dole
439 761 49 22 Will
493 762 107 29 Empower
607 763 56 22 Low-
671 764 46 21 and
723 764 88 22 Middle-

366 797 83 21 Income
457 798 82 21 Parents
550 798 55 22 With
613 799 73 22 School
694 800 73 22 Choice

282 854 23 17 As
314 854 91 19 President,
416 855 36 18 Bob
462 856 42 17 Dole
513 857 28 15 will
550 859 57 15 create
616 857 107 22 Opportunity
733 859 116 21 Scholarships

282 879 23 17 for
311 879 81 19 Children,
400 885 10 13 a
416 881 69 19 federal,
493 884 45 16 state
544 885 34 15 and
584 884 42 17 local
633 884 46 17 effort
685 885 16 16 to
707 885 37 21 give
750 885 35 17 four
792 885 55 18 million

282 906 35 16 low.
326 908 33 15 and
369 907 136 18 middle-income
514 909 70 17 families
592 910 28 16 the
629 910 53 21 ability
689 912 17 15 to
714 912 53 16 select
775 912 27 16 the
811 912 38 17 best

282 932 68 17 schools
357 932 24 17 for
387 933 40 16 their
435 933 73 17 children

281 988 6 5 +
292 982 108 22 Opportunity
405 984 120 20 Scholarships
531 985 24 17 for
561 985 76 18 Children
643 987 28 15 will
677 987 22 17 be
704 987 61 17 funded
772 989 76 20 annually

280 1009 36 15 with
323 1007 39 18 $2.5
369 1009 53 16 billion
429 1010 14 14 in
451 1009 63 18 federal
521 1011 56 16 funds.
585 1011 90 20 Four-year
681 1014 103 17 competitive
791 1016 56 17 grants

280 1033 27 15 will
312 1033 22 16 be
339 1034 77 16 awarded
421 1035 17 16 to
443 1036 71 16 children
519 1035 40 17 from
565 1036 35 16 low-
606 1037 33 15 and
645 1036 130 18 middle-income
780 1038 67 17 families

281 1062 14 10 in
301 1062 22 15 up
328 1060 16 14 to
352 1059 20 15 15
378 1060 60 16 states,
445 1060 83 21 including
533 1060 29 16 the
568 1060 63 17 District
636 1061 17 17 of
658 1062 86 17 Columbia.
757 1062 56 17 States
819 1064 27 15 will

281 1083 54 16 match
342 1084 28 16 the
376 1084 64 16 federal
448 1085 113 17 contribution.

280 1137 6 5 +
298 1132 118 21 Opportunity
429 1133 132 21 Scholarships
573 1136 31 14 will
617 1135 23 17 be
652 1137 18 15 at
681 1137 48 16 least
741 1136 67 18 $1,000
821 1138 25 16 for

280 1156 114 21 kindergarten
404 1159 33 15 and
446 1159 54 20 grade
509 1160 60 15 school
578 1161 78 16 students
664 1161 34 16 and
708 1162 15 16 at
732 1162 42 16 least
784 1161 61 18 $1,500

280 1180 23 17 fer
311 1181 37 20 high
357 1183 59 16 school
426 1184 78 15 students.
517 1183 58 18 These
584 1185 115 20 scholarships
707 1186 48 16 could
764 1187 21 16 be
794 1188 52 20 larger

279 1207 36 14 with
322 1207 28 16 the
356 1207 57 16 added
421 1210 71 17 support
498 1209 41 16 from
546 1209 105 17 non-federal
658 1214 76 13 sources.

280 1261 6 5 +
293 1255 75 18 Families
374 1260 33 13 can
414 1261 33 13 use
453 1258 51 16 these
511 1259 116 19 scholarships
632 1261 17 15 to
656 1261 43 15 send
706 1261 39 16 their
751 1261 71 17 children
828 1264 17 15 to

280 1284 31 16 any
319 1282 67 20 lawtully
393 1282 87 21 operating
488 1285 59 15 school
555 1292 21 4 —
583 1284 58 20 public,
649 1285 61 19 private
717 1289 19 13 or
742 1288 76 18 religious
824 1295 21 4 —

279 1307 33 15 that
320 1307 77 16 chooses
404 1309 17 14 to
429 1309 101 18 participate.
540 1308 107 20 Scholarship
655 1309 49 18 funds
712 1311 27 15 will
748 1312 21 15 be
777 1312 43 16 used
828 1314 16 14 to

280 1334 31 16 Pay
318 1331 59 17 tuition,
386 1333 59 15 school
452 1333 39 16 fees
498 1333 34 16 and
540 1334 47 16 other
594 1336 101 15 reasonable
702 1339 91 14 expenses.

280 1386 5 5 *
292 1380 38 17 This
339 1384 75 17 program
423 1382 28 15 will
460 1383 39 18 help
506 1382 40 17 fund
555 1384 115 20 scholarships
677 1385 24 16 for
709 1389 45 12 more
763 1386 38 16 than
809 1385 35 17 four

279 1406 56 16 million
340 1407 71 16 children
415 1414 22 5 —
442 1408 55 19 nearly
505 1407 20 17 10
530 1410 69 17 percent
603 1409 17 16 of
624 1409 20 17 all
648 1410 71 16 children
725 1410 14 15 in
744 1411 100 20 elementary

278 1431 33 16 and
318 1432 96 19 secondary
421 1432 76 17 schools.

884 244 5 5 +
896 238 36 18 This
938 243 37 14 new
980 239 39 19 §2.5
1025 241 50 17 billion
1082 241 62 18 federal
1149 245 114 16 commitment
1268 245 111 18 toAmenca’s
1385 247 69 18 children

884 268 12 13 '$
905 266 62 20 budget
975 267 62 16 neutral
1045 268 33 16 and
1087 268 27 15 will
1123 270 28 15 not
1159 269 79 18 increase
1245 272 28 16 the
1282 271 63 18 federal
1353 272 58 18 deficit.
1420 274 33 17 The

883 290 67 22 funding
957 291 60 18 offsets
1025 293 66 17 include
1098 295 80 21 reducing
1186 296 28 16 the
1222 295 110 21 Department
1338 298 18 17 of
1363 298 90 19 Education

883 318 90 16 overhead,
981 318 115 21 bureaucracy
1102 321 34 16 and
1144 322 76 16 wasteful
1228 319 90 29 spending.

886 393 41 23 Bill
935 394 83 23 Clinton
1027 396 68 30 Fights
1098 397 38 29 for
1143 398 39 22 His
1191 399 95 23 Political
1292 401 120 29 Supporters
1420 416 28 4 —

1062 433 43 20 Not
1114 433 46 21 Our
1170 434 98 22 Children

880 486 27 18 Bill
918 487 81 18 Clinton's
1010 493 81 15 opposes
1101 492 62 15 school
1174 492 61 17 choice
1247 493 80 17 because
1338 495 23 16 he
1372 496 38 18 puts
1421 496 28 16 the

880 513 77 16 interests
963 513 17 16 of
986 513 27 16 the
1019 514 107 17 educational
1132 516 131 17 establishment
1269 526 21 4 —
1295 519 33 15 and
1335 519 17 16 of
1358 520 25 16 his
1390 516 58 28 party's

880 537 68 18 political
958 539 110 16 contributors
1078 547 21 4 —
1108 540 57 16 above
1175 542 28 15 the
1215 543 79 16 interests
1304 543 18 16 of
1331 547 30 13 our
1371 544 72 16 children

879 561 63 17 Clinton
950 563 32 16 has
990 564 99 20 continually
1096 564 59 21 fought
1162 567 60 16 school
1230 567 61 16 choice
1299 568 78 17 because
1386 570 21 16 he
1415 570 33 16 and

879 587 25 16 his
915 587 109 18 Democratic
1035 589 104 21 colleagues
1150 591 81 17 received
1242 592 42 17 $2.2
1295 594 61 15 million
1367 594 41 16 from
1420 595 27 16 the

878 613 115 16 movement's
1005 613 70 21 biggest
1085 617 92 17 opponent
1187 625 21 3 —
1219 617 29 16 the
1260 618 80 17 National
1352 619 93 17 Education

877 637 106 17 Association
992 638 56 20 (NEA)
1057 647 21 5 —
1086 640 57 21 during
1153 641 29 17 the
1194 642 43 17 1992
1246 646 91 18 campaign.
1352 643 41 17 That
1402 644 13 17 is
1426 645 19 15 17

877 664 49 15 times
933 666 46 14 more
986 667 62 17 money
1054 664 40 17 than
1102 665 39 20 they
1147 669 45 17 gave
1199 667 17 16 to
1224 667 115 20 Republicans.

877 714 15 15 In
900 718 21 13 an
928 715 74 17 address
1009 716 16 16 to
1032 716 29 16 the
1068 716 42 17 NEA
1117 716 58 19 before
1182 718 29 17 the
1218 719 77 18 election,
1304 719 26 17 Bill
1338 719 63 18 Clinton
1409 722 35 16 said

876 740 34 16 that
918 739 9 16 if
934 740 22 16 he
964 740 73 17 became
1046 740 92 20 President,
1146 743 40 20 “you
1194 744 29 15 will
1230 744 23 16 be
1261 748 27 17 my
1296 747 81 17 partners.
1386 747 3 14 |
1397 747 48 16 won't

876 764 61 22 {make]
944 766 90 17 education
1041 768 87 16 decisions
1135 768 34 16 that
1177 769 56 20 you're
1241 770 29 16 not
1276 774 11 13 a
1295 772 36 18 Part
1338 771 17 17 of
1361 772 65 21 making
1441 773 2 14 |

875 792 48 15 won't
930 790 53 22 forget
988 792 29 16 the
1024 793 62 19 people
1093 793 34 16 that
1134 793 71 22 brought
1212 798 28 14 me
1247 796 16 16 to
1271 796 28 16 the
1306 796 53 17 White
1366 797 71 17 House.”

876 841 49 17 Since
931 842 45 17 then,
984 842 25 16 Bill
1017 842 63 17 Clinton
1087 845 33 16 has
1126 845 46 16 done
1178 846 97 21 everything
1282 850 15 11 in
1304 848 25 15 his
1336 851 55 15 power
1397 850 16 15 to
1420 849 22 15 kill

875 867 27 16 the
912 867 59 17 school
980 868 60 17 choice
1050 872 97 14 movement.
1163 870 47 18 Even
1219 873 50 16 when
1280 872 36 17 Bob
1326 873 42 17 Dole
1377 874 39 16 tried
1426 876 16 14 to

874 896 43 16 Pass
922 896 11 14 a
939 894 67 17 modest
1013 894 127 19 school-choice
1146 896 24 17 bill
1177 897 24 16 for
1207 897 28 17 the
1241 897 64 18 District
1311 898 17 17 of
1333 898 86 19 Columbia
1425 901 16 16 to

874 918 38 20 help
917 919 105 18 low-income
1027 919 70 19 families
1103 922 44 16 send
1153 922 41 17 their
1198 922 73 18 children
1277 926 17 15 to
1299 925 63 16 decent
1367 926 73 17 schools,

874 943 25 17 Bill
908 943 63 19 Clinton
980 947 79 18 opposed
1069 946 9 16 it.
1092 946 105 19 Meanwhile,
1207 949 22 16 he
1237 950 56 15 sends
1302 950 25 16 his
1335 950 82 21 daughter
1425 953 16 14 to

873 973 33 13 one
913 969 17 17 of
936 970 29 16 the
972 971 43 16 most
1022 971 94 19 expensive
1123 974 63 17 private
1192 974 71 16 schools
1270 974 15 15 in
1293 974 113 21 Washington.

873 1019 26 17 Bill
911 1019 65 18 Clinton
987 1021 15 16 is
1012 1025 22 12 on
1045 1021 29 17 the
1085 1022 39 17 side
1134 1022 18 17 of
1162 1024 109 17 education's
1282 1025 88 19 providers
1381 1034 21 3 —
1412 1027 27 15 the

872 1045 82 17 teacher's
959 1046 64 18 unions,
1029 1046 28 17 the
1062 1046 108 18 bureaucrats
1175 1049 33 16 and
1214 1053 84 16 everyone
1303 1050 37 16 else
1345 1051 36 16 who
1386 1052 52 16 wants

872 1071 15 15 to
894 1069 38 21 fight
938 1070 24 16 for
968 1071 27 16 the
1002 1072 54 16 status
1063 1075 39 15 quo.
1109 1072 36 17 Bob
1152 1072 42 17 Dole
1200 1073 14 16 is
1220 1077 22 13 on
1249 1074 28 16 the
1284 1074 37 17 side
1327 1074 18 17 of
1350 1075 87 17 education

871 1098 100 14 consumers
978 1103 21 5 —
1005 1097 28 15 the
1040 1099 69 15 parents
1116 1099 34 14 and
1157 1099 28 15 the
1192 1099 79 16 children.

1055 1173 19 20 A
1082 1172 69 22 Better
1156 1175 95 20 America

871 1229 15 14 in
892 1229 36 16 Bob
934 1229 56 17 Dole’s
994 1230 81 18 America,
1081 1231 38 16 low-
1125 1233 33 14 and
1165 1233 136 16 middle-income
1308 1236 67 16 parents
1381 1234 27 15 will
1414 1234 21 16 be

870 1257 48 16 given
926 1257 10 13 a
944 1254 33 17 real
985 1255 59 16 choice
1053 1259 13 11 in
1075 1255 89 17 education
1173 1260 20 13 so
1201 1258 34 16 that
1243 1257 19 17 all
1270 1258 87 16 American
1365 1258 69 17 children

871 1279 43 16 have
920 1283 22 12 an
949 1280 50 18 equal
1006 1281 103 19 opportunity
1115 1282 17 15 to
1139 1281 71 17 achieve
1217 1283 41 15 their
1264 1283 74 16 dreams.

1009 1607 2 2 p
1067 1607 2 3 ee

632 1703 35 15 wurts
672 1696 17 23 to
696 1696 67 23 dismiss
771 1703 75 16 frivolous

282 1724 74 16 lawsuits
367 1724 35 16 that
413 1724 37 21 clog
462 1729 22 15 up
495 1727 29 15 the
535 1727 43 19 legal
590 1727 66 19 system
666 1727 33 16 and
711 1728 35 15 hurt
754 1728 92 17 America’s

282 1750 144 18 entrepreneurs.
439 1750 33 17 But
482 1751 36 16 trial
531 1751 75 20 lawyers
617 1760 21 3 —
648 1756 52 16 many
711 1751 18 17 of
740 1752 46 16 them
798 1754 47 19 large

282 1774 105 17 contributors
392 1776 16 15 to
414 1775 25 16 Bill
445 1775 77 17 Clinton's
528 1776 94 16 re-election
635 1785 11 3 —
652 1779 95 17 persuaded
753 1778 25 16 Bill
783 1778 61 16 Clinton

282 1800 16 15 to
309 1801 39 14 veto
360 1800 28 16 the
400 1800 26 16 bill.
444 1800 37 16 Bob
493 1800 43 17 Dole
547 1802 27 15 led
586 1802 29 15 the
626 1801 67 17 Senate
704 1805 15 12 in
730 1803 115 20 successfully

282 1824 89 20 overriding
380 1824 27 16 Bill
416 1824 79 18 Clinton's
504 1827 39 15 veto
550 1833 21 5 —
580 1829 10 13 a
599 1826 88 19 bipartisan
696 1829 38 14 vote
743 1828 32 15 that
784 1828 61 18 proved

283 1849 36 15 how
326 1850 73 15 extreme
407 1849 26 17 Bill
440 1849 79 17 Clinton's
527 1852 70 17 position
604 1855 41 12 was.

284 1898 32 16 The
323 1899 31 16 act,
363 1903 37 12 now
407 1899 30 16 law
444 1899 35 17 due
485 1901 17 15 to
509 1899 36 18 Bob
553 1900 55 17 Dole’s
616 1901 98 19 leadership:

283 1953 5 5 +
299 1948 60 16 Makes
370 1949 10 15 it
389 1951 59 14 easier
458 1949 24 16 for
492 1950 58 15 courts
560 1950 17 15 to
588 1950 70 16 dismiss
668 1950 78 16 frivolous
757 1953 87 14 securities

284 1973 75 15 lawsuits.

284 2025 5 5 *
297 2021 39 16 Puts
344 2022 61 15 control
414 2022 17 16 of
438 2022 73 16 lawsuits
520 2027 15 10 in
543 2023 28 15 the
579 2023 55 16 hands
642 2023 17 16 of
666 2023 28 16 the
703 2026 79 14 investors
790 2032 21 4 —
818 2026 28 14 not

283 2046 27 15 the
317 2046 31 15 trial
356 2046 74 18 lawyers.

690 1598 24 14 and
721 1598 28 20 paid
757 1598 17 14 for
779 1604 14 8 om
799 1600 75 14 DuleiKer:n
885 1601 17 14 96.
912 1601 39 13 Roher:

679 1624 17 10 ite
700 1623 28 13 S00
734 1625 5 5 *
745 1621 80 19 Lamington,
832 1623 26 13 OC
863 1623 46 13 2002
915 1626 4 6 ©
927 1624 38 14 202}

985 2184 49 13 htmeer
1044 2189 60 8 irrasurer
