1679 2192
269 202 51 24 One
330 201 29 26 of
367 202 50 24 Bob
429 204 84 25 Dole’s
522 205 45 24 and
578 212 38 22 my
627 203 91 31 highest
728 206 113 30 priorities
853 206 17 23 is
881 211 22 18 to
914 213 82 17 ensure
1007 206 46 24 that
1063 216 69 24 every
1142 210 126 25 American
1277 210 40 25 has
1329 218 80 19 access

268 245 22 20 to
301 249 13 16 a
324 240 88 32 quality
423 242 130 26 education.
573 245 57 23 That
641 243 18 23 is
670 243 53 31 why
733 245 27 24 he
770 245 130 31 developed
910 253 13 16 a
932 245 54 30 plan
996 250 23 19 to
1029 246 55 30 give
1092 253 92 25 parents
1194 256 14 17 a
1217 248 62 25 $500
1289 256 40 24 per
1338 251 64 24 child

267 284 38 20 tax
315 280 73 24 credit
398 281 45 23 and
452 287 76 19 create
538 282 94 32 special,
644 281 95 26 tax-free
751 284 59 24 bank
820 289 110 20 accounts
941 284 35 24 for
985 284 64 26 them
1059 290 23 20 to
1091 293 57 18 save
1157 295 86 22 money
1253 287 37 26 for
1299 288 57 25 their

267 318 129 26 children’s
406 319 130 27 education.

267 396 53 25 Bob
330 397 61 24 Dole
400 397 46 33 and
456 399 8 24 I
475 405 37 18 are
522 399 50 24 also
582 399 135 25 committed
727 403 23 22 to
760 401 124 32 stemming
894 400 37 25 the
941 401 47 25 tide
998 401 29 25 of
1033 401 72 27 crime
1115 403 24 25 in
1148 404 115 25 America.
1291 406 25 25 In
1326 406 45 26 this

267 441 105 25 country,
382 443 13 17 a
405 437 72 24 crime
487 437 19 25 is
516 438 137 25 committed
662 447 69 22 every
740 444 46 19 two
797 440 99 24 seconds
905 440 44 24 and
960 440 57 31 drug
1028 448 41 17 use
1078 441 31 32 by
1118 447 121 26 teenagers
1248 444 41 25 has
1299 446 104 25 doubled

268 474 23 25 in
300 474 38 25 the
347 480 52 25 past
410 475 51 25 four
470 483 73 23 years,
562 477 59 24 That
629 477 21 24 is
659 481 40 20 not
707 478 140 30 acceptable.
867 479 51 24 Bob
928 479 60 24 Dole
998 479 42 24 has
1050 486 13 17 a
1072 480 72 31 tough
1155 482 90 30 5-point
1254 484 55 30 plan
1319 488 23 20 to

266 513 85 25 reduce
360 514 90 25 violent
459 514 72 26 crime
540 515 46 25 and
595 515 70 32 drugs
674 524 47 17 use.

266 591 45 23 But
321 590 46 25 this
376 592 102 24 election
487 593 20 23 is
517 593 70 24 about
597 600 42 17 our
647 593 75 25 future
731 600 63 18 more
804 594 53 24 than
867 594 69 24 about
947 601 42 18 our
997 595 126 29 problems.
1142 596 19 24 It
1171 597 19 25 is
1199 599 72 23 about
1280 600 52 23 Bob
1343 600 61 24 Dole

266 628 45 25 and
320 628 37 25 his
368 629 78 26 vision
455 629 37 25 for
500 638 65 17 more
575 631 166 32 opportunities
752 631 35 24 for
796 632 30 23 all
836 632 136 24 Americans
983 633 99 31 through
1091 633 73 25 lower
1172 639 73 25 taxes,
1256 636 73 24 better
1333 637 57 31 jobs

266 666 45 26 and
320 667 83 32 higher
412 675 85 24 wages.
516 668 19 26 It
545 669 19 24 is
574 670 71 23 about
653 669 36 25 his
699 669 75 25 vision
784 670 29 24 of
819 678 12 16 a
841 670 99 27 smaller,
950 676 65 18 more
1025 670 107 26 efficient
1141 678 153 25 government
1303 675 58 25 with

266 709 87 28 strong,
364 710 71 21 smart
443 714 121 24 programs
572 708 49 23 that
629 715 118 23 empower
756 708 54 24 both
820 716 57 23 poor
886 709 44 23 and
940 708 162 26 middle-class
1111 711 145 25 Americans.
1276 713 19 23 It
1304 713 20 25 is
1333 713 72 25 about

265 743 37 27 his
312 743 79 26 vision
400 745 29 26 of
434 750 105 27 stronger
548 746 46 25 and
603 745 61 26 safer
673 745 100 26 families
783 746 126 32 benefiting
920 747 60 25 from
989 751 39 21 tax
1037 748 75 29 relief,
1121 756 81 19 secure
1211 750 46 25 and
1266 751 119 31 drug-free

265 782 192 33 neighborhoods
466 785 46 25 and
520 792 65 18 more
595 785 144 26 educational
749 785 173 32 opportunities.

265 861 54 27 Bob
327 863 62 25 Dole
399 863 20 24 is
428 864 38 25 the
476 864 56 25 kind
541 863 30 27 of
576 864 146 26 world-class
732 865 76 25 leader
815 864 47 26 that
871 872 42 18 can
922 866 67 31 bring
999 865 111 27 America
1118 868 106 30 together
1233 868 23 26 in
1265 876 14 18 a
1287 870 66 32 spirit
1362 869 31 26 of

265 901 140 26 confidence
415 902 45 26 and
469 902 130 33 optimism,
608 903 45 26 and
661 912 94 24 prepare
765 911 26 18 us
800 909 24 20 to
833 911 91 25 surpass
934 912 43 18 our
985 910 100 25 greatest
1093 907 161 32 expectations
1263 909 24 25 in
1296 908 38 26 the
1344 910 53 24 21st

264 945 103 27 century.
386 941 26 26 In
421 941 38 27 the
469 942 77 26 words
556 942 30 25 of
591 943 98 26 General
699 943 69 27 Colin
777 944 94 29 Powell,
881 943 67 26 “Bob
956 944 62 26 Dole
1028 944 20 26 is
1064 952 7 19 a
1079 952 56 19 man
1143 945 29 26 of
1178 947 110 31 strength,
1298 949 109 32 maturity

265 980 45 25 and
320 980 115 33 integrity.
453 983 37 24 He
499 982 21 26 is
537 990 6 17 a
551 990 55 17 man
614 983 54 25 who
677 991 44 17 can
729 982 65 33 bring
803 987 56 22 trust
868 983 58 26 back
936 988 23 20 to
968 983 39 26 the
1016 991 154 24 government
1178 986 46 25 and
1233 987 67 31 bring
1309 989 112 25 America

264 1019 107 32 together
379 1021 69 31 again
458 1040 5 5 .
490 1040 4 5 ..
505 1020 53 26 Bob
568 1021 61 26 Dole
637 1021 21 25 is
666 1021 38 25 the
713 1022 119 25 candidate
842 1027 60 20 most
911 1023 113 32 qualified
1034 1023 31 32 by
1074 1024 75 25 virtue
1157 1025 30 24 of
1192 1025 37 25 his
1239 1025 92 29 beliefs,
1340 1026 38 25 his

265 1058 117 26 character
390 1059 46 25 and
445 1059 37 25 his
491 1064 153 27 competence
651 1064 25 21 to
684 1060 29 25 be
723 1060 36 25 the
769 1065 54 20 next
831 1061 118 25 President
957 1060 30 26 of
991 1061 39 25 the
1040 1062 87 25 United
1136 1063 75 25 States
1221 1063 30 25 of
1256 1065 132 25 America.”

265 1135 32 24 So
306 1135 84 32 during
399 1136 38 24 the
446 1141 55 19 next
511 1136 89 25 several
609 1137 85 28 weeks,
705 1137 66 25 listen
781 1142 22 19 to
814 1138 37 23 the
860 1137 103 31 political
972 1137 103 29 debates,
1085 1138 56 25 visit
1149 1145 42 19 our
1199 1139 59 25 Web
1268 1141 49 24 Site
1326 1145 23 20 at

264 1173 295 33 www.dolekemp96.org,
569 1175 54 31 pick
633 1183 30 23 up
672 1182 57 23 your
737 1176 108 24 absentee
854 1175 78 29 ballot,
942 1176 45 23 and
996 1176 109 26 consider
1114 1177 38 25 the
1161 1177 78 26 stakes
1247 1178 30 25 of
1282 1178 46 25 this

264 1211 101 25 election
375 1212 37 25 for
420 1219 48 24 you
476 1213 46 25 and
532 1213 37 25 for
576 1220 59 24 your
643 1212 88 32 family.
741 1213 9 25 I
760 1221 37 17 am
806 1214 119 25 confident
933 1214 48 25 that
988 1221 49 24 you
1047 1215 48 25 will
1104 1222 69 24 agree
1181 1216 58 25 with
1248 1217 71 25 Colin
1326 1217 89 26 Powell

264 1250 45 24 and
318 1250 106 25 millions
433 1251 30 25 of
467 1251 139 26 Americans
615 1252 54 24 who
677 1251 90 25 believe
776 1252 47 25 that
832 1252 51 28 Bob
892 1253 60 24 Dole
962 1253 20 25 is
992 1253 38 24 the
1039 1253 73 25 better
1120 1261 63 22 man,
1192 1254 37 26 for
1237 1263 15 16 a
1260 1255 73 25 better

264 1288 116 26 America.
