1684 2192
766 30 272 92 a

764 125 330 55 =S=DOLE

807 180 69 23 FOR
888 181 202 26 PRESIDENT.

395 301 109 40 GOP
520 301 136 41 Passes
675 300 99 41 1996
789 300 245 51 Republican
1050 299 120 49 Party
1196 299 191 40 Platform

450 389 6 2 _
501 360 26 30 A
539 358 160 40 Blueprint
701 359 57 37 for
766 358 161 38 Restoring
934 351 54 51 the
994 355 163 32 American
1166 356 115 29 Dream

383 487 53 27 The
444 475 115 44 Platform
577 475 136 44 Committee
728 475 25 44 of
746 484 62 27 the
820 483 63 27 1996
892 479 523 36 Republican
1057 475 114 44 National
1185 479 140 36 Convention
1339 475 78 44 today

278 517 84 50 passed
378 535 9 20 a
398 517 60 50 final
469 517 64 50 draft
544 525 26 28 of
582 517 42 50 the
636 517 143 50 Republican
790 517 68 50 Party
874 517 125 50 Platform.
1015 515 114 44 Standing
1140 515 25 44 in
1176 515 63 44 stark
1253 515 103 44 contrast
1366 515 27 44 to
1403 515 48 44 the

280 556 74 49 failed
369 556 91 49 Clinton
472 556 94 49 record,
582 556 42 49 the
635 556 140 49 Republican
790 556 66 49 Party
868 556 107 49 Platform
990 556 107 49 outlines
1109 556 41 49 the
1166 556 54 49 Dole
1235 556 83 49 agenda
1334 556 37 49 for
1383 567 12 20 a
1411 556 75 49 better

276 595 119 49 America
406 595 58 49 with
480 595 62 49 more
553 595 189 49 opportunities,
753 595 95 49 smaller
859 595 148 49 government
1023 595 42 49 and
1076 595 111 49 stronger
1198 595 42 49 and
1251 595 67 49 safer
1329 595 111 49 families.

380 675 54 49 The
445 675 115 49 Platform
576 675 123 49 document
710 675 83 49 brings
804 675 111 49 together
927 675 41 49 the
980 675 70 49 views
1061 675 30 49 of
1106 675 152 49 Republicans
1270 675 58 49 from
1339 675 91 49 around
1441 675 50 49 the

278 717 106 53 country
397 717 40 53 and
450 717 102 53 reflects
565 717 40 53 the
618 717 102 53 common
732 717 94 53 agenda
838 717 46 53 for
896 717 124 53 America’s
1033 717 89 53 fixture.
1136 716 70 44 Some
1220 716 45 44 key
1279 716 148 44 provisions:

644 847 194 31 ECONOMIC
854 846 160 30 GROWTH
1023 845 28 28 &
1059 844 87 28 JOBS

383 878 54 54 The
450 878 145 54 Republican
608 878 68 54 Party
689 878 108 54 reaffirms
810 878 41 54 its
864 878 154 54 commitment
1031 878 27 54 to
1071 878 104 54 creating
1188 891 10 21 a
1215 878 100 54 growing
1328 878 108 54 economy
1449 878 33 54 in

285 917 79 58 which
377 917 64 58 good
455 917 44 58 new
517 917 54 58 jobs
585 917 35 58 are
633 917 88 58 created
735 917 40 58 for
788 917 35 58 all
836 917 127 58 Americans
977 917 29 58 by
1016 917 111 58 pledging
1141 930 25 22 to
1180 917 131 58 implement
1325 931 10 20 2
1349 917 88 58 simple,
1450 917 49 58 fair

281 966 45 49 tax
338 966 82 49 system
436 966 50 49 that
497 966 25 49 is
534 966 144 49 pro-growth
689 966 42 49 and
746 966 145 49 pro-family.
906 960 165 47 Republicans
1082 960 59 47 seek
1152 974 13 20 a
1180 960 157 47 dramatically
1356 960 134 47 downsized

283 1002 111 51 Internal
410 1002 103 51 Revenue
526 1002 93 51 Service
631 1002 48 51 that
691 1002 24 51 is
720 1002 56 51 less
788 1002 146 51 burdensome
950 1002 39 51 and
1001 1002 52 51 less
1065 1002 124 51 intrusive.

391 1081 174 52 Underscoring
581 1081 45 52 the
638 1081 139 52 Republican
789 1081 218 52 acknowledgment
1019 1081 53 52 that
1084 1081 96 52 deficits
1192 1081 36 52 are
1240 1081 92 52 created
1344 1081 40 52 not
1396 1081 109 52 because

285 1120 49 53 the
351 1120 116 53 American
479 1120 85 53 people
576 1120 41 53 are
629 1120 164 53 under-taxed,
806 1120 40 53 but
859 1120 102 53 because
974 1120 146 53 government
1137 1120 85 53 spends
1234 1120 45 53 too
1291 1120 77 53 much.
1381 1118 60 42 The

290 1170 105 45 platform
406 1170 64 45 calls
481 1170 49 45 for:

344 1259 16 25 A
380 1256 47 28 15%
441 1250 569 36 across-the-board
676 1246 40 47 cut
731 1246 29 47 to
770 1246 107 47 marginal
888 1246 36 47 tax
935 1246 79 47 rates;

344 1300 19 26 A
377 1290 57 45 $500
448 1290 42 45 per
501 1290 64 45 child
576 1290 38 45 tax
625 1290 87 45 credit;

344 1339 179 35 Repeal
446 1325 27 53 of
485 1325 37 53 the
533 1339 62 26 1993
605 1325 93 53 Clinton
711 1325 40 53 tax
764 1325 53 53 hike
830 1325 27 53 on
870 1325 80 53 Social
962 1325 107 53 Security
1082 1325 106 53 benefits,

345 1384 19 26 A
380 1364 50 53 50%
442 1364 125 53 reduction
579 1364 27 53 of
619 1364 36 53 the
667 1364 41 53 top
720 1364 37 53 tax
769 1364 49 53 rate
831 1364 27 53 on
871 1364 89 53 capital
972 1364 58 53 gains
1043 1364 27 53 to
1083 1364 49 53 spur
1144 1364 151 53 investment,
1308 1364 49 53 and

341 1405 138 57 Expansion
493 1405 24 57 of
531 1405 133 57 Individual
678 1405 143 57 Retirement
835 1405 114 57 Accounts
963 1405 86 57 (IRAs)
1063 1405 38 57 and
1115 1405 176 57 establishment
1305 1405 24 57 of
1343 1405 96 57 spousal

343 1456 63 47 IRAs
417 1456 32 47 to
460 1460 353 39 encourage
609 1456 40 47 and
660 1460 153 39 investment.

292 1266 17 182 eoeeoe?e?@

698 1544 24 26 A
737 1532 173 47 BALANCED
932 1532 138 47 BUDGET

295 1567 48 57 The
360 1567 106 57 platform
480 1567 124 57 maintains
618 1567 48 57 that
675 1590 15 19 a
703 1567 105 57 balanced
822 1567 86 57 budget
922 1567 38 57 and
974 1567 72 57 lower
1059 1567 68 57 taxes
1140 1567 25 57 go
1183 1567 176 57 hand-in-hand.

297 1605 140 56 Therefore,
451 1605 38 56 the
497 1605 104 56 platform
614 1605 61 56 calls
689 1605 33 56 for
735 1629 14 18 a
758 1605 179 56 constitutional
950 1605 141 56 amendment
1102 1618 26 22 to
1137 1605 94 56 balance
1244 1605 38 56 the
1295 1605 90 56 federal
1398 1605 93 56 budget.

298 1645 36 54 An
347 1645 41 54 end
401 1645 28 54 to
442 1645 36 54 the
491 1645 82 54 deficit
586 1645 45 54 will
644 1645 55 54 once
712 1645 68 54 again
793 1645 54 54 make
864 1645 19 54 it
896 1645 100 54 possible
1004 1645 37 54 for
1054 1645 36 54 all
1103 1645 122 54 Americans
1238 1645 23 54 to
1270 1645 86 54 realize
1369 1645 45 54 the

299 1700 133 42 American
446 1700 91 42 Dream.

168 1933 130 20 Authorized
307 1929 37 44 and
358 1929 48 44 paid
418 1929 36 44 for
464 1936 22 25 by
497 1929 45 44 Dole
552 1929 34 44 for
596 1929 111 44 President,
717 1929 44 44 Inc.,
776 1929 70 44 Robert
857 1929 121 44 Lighthizer,
989 1929 103 44 Treasurer

169 1972 36 21 810
210 1968 56 39 First
275 1968 68 39 Street,
350 1975 116 23 Northeast
475 1982 11 11 ©
496 1968 56 39 Suite
564 1968 30 39 300
608 1984 10 10 °
628 1980 142 27 Washington.
782 1982 39 21 D.C
832 1976 62 38 20002
908 1988 9 12 »
928 1976 54 38 (202)
994 1976 96 38 414-6400
