1695 2219
258 253 34 21 As
306 250 127 25 President.
448 252 50 24 Bud
512 253 68 24 Doie-

258 339 11 12 ¢
310 331 55 25 Wiil
377 334 119 30 promptly
507 334 100 34 develop
617 338 45 24 and
673 337 139 33 implement
822 340 37 26 the
870 349 125 25 necessary
1006 344 110 32 strategic
1128 346 54 31 plan
1193 351 23 21 to
1227 355 84 19 ensure
1323 349 48 26 that

309 379 107 19 veterans
428 374 59 25 have
499 383 79 19 access
589 384 22 19 to
623 378 36 25 the
670 380 79 25 health
759 388 52 18 care
821 382 54 31 they
886 383 49 25 will
946 384 59 24 need
1017 384 54 25 weil
1083 386 48 24 into
1143 387 38 24 the
1192 387 83 26 future.

257 464 11 12 ¢
309 457 55 25 Wiil
377 458 66 31 orng
455 459 37 24 the
503 459 104 26 decisive
618 461 131 34 leadership
760 464 45 25 and
815 465 142 31 managerial
967 466 70 26 skills
1048 472 23 20 to
1082 468 39 25 the
1132 468 45 26 VA
1187 470 49 24 that
1245 478 39 18 are
1295 479 126 26 necessary

307 502 23 20 to
343 498 92 25 resolve
447 499 37 25 the
496 500 99 33 backlog
605 502 29 25 of
641 503 104 29 380,000
756 506 180 31 compensation
945 507 46 25 and
1000 507 69 26 other
1078 508 85 26 claims
1173 517 75 18 cases.

255 587 12 12 e
307 580 56 25 Will
375 581 102 32 actively
488 589 96 26 support
593 592 13 17 a
616 584 183 28 Constitutional
810 589 159 26 Amendment
978 590 135 32 protecting
1124 591 37 25 the
1172 593 129 26 American
1312 594 57 32 Flag
1380 595 63 27 from

305 621 157 27 desecration.

254 712 12 13 ¢
286 701 8 48 —
306 705 57 25 Will
373 712 99 26 support
481 707 89 32 timely,
580 709 117 32 equitable
708 710 99 27 COLAs
819 711 36 27 for
863 712 102 33 military
975 714 104 26 retirees.

253 794 13 12 ¢
305 787 57 25 Will
373 788 99 31 provide
482 794 79 27 strong
571 791 78 31 policy
660 792 116 25 direction
785 798 23 20 to
819 794 104 25 increase
933 795 165 31 employment
1107 797 30 24 of
1143 802 108 21 veterans
1262 799 24 24 in
1296 799 31 25 all
1338 800 89 26 federal

303 827 161 31 departments
475 829 45 24 and
530 830 115 31 agencies.

251 915 13 12 ¢
303 908 57 25 Will
371 909 109 25 reinstate
492 911 37 24 the
541 911 174 34 long-standing
726 914 101 32 military
837 915 80 31 policy
928 916 123 32 regarding
1061 917 171 26 homosexuals
1245 919 22 25 in
1279 920 36 24 the

301 948 111 32 military.

251 1038 12 12 e
301 1031 58 25 Will
371 1032 64 24 work
446 1034 101 24 towards
558 1042 13 16 a
580 1035 137 26 substantial
728 1036 103 26 increase
841 1037 24 26 in
874 1038 33 25 GI
917 1038 46 26 Bill
973 1038 112 26 benefits.

250 1118 13 12 ¢
302 1111 57 25 Will
369 1112 113 24 continue
492 1113 36 25 his
538 1114 100 25 demand
647 1115 37 25 for
693 1116 39 25 the
743 1116 78 26 fullest
830 1118 106 31 possible
945 1119 144 31 accounting
1099 1119 30 25 of
1134 1120 31 25 all
1175 1128 44 17 our
1229 1121 164 26 POW/MLAs.

250 1198 12 12 ¢
301 1191 57 25 Will
370 1192 98 31 provide
480 1193 128 33 leadership
618 1195 45 25 and
673 1196 111 25 continue
794 1202 22 20 to
827 1198 105 31 strongly
942 1204 97 26 support
1048 1206 123 24 programs
1181 1205 24 20 to
1216 1201 70 35 assist
1297 1207 107 20 veterans

300 1231 119 32 suffering
430 1232 61 25 from
502 1234 37 24 the
550 1234 92 26 Persian
651 1235 62 26 Gulf
719 1236 56 25 War
784 1237 138 31 Syndrome.

250 1319 11 12 e
300 1312 57 25 Will
368 1319 98 25 support
476 1321 13 17 a
498 1314 183 27 demonstration
689 1324 110 25 program
809 1322 23 21 to
841 1304 129 40 determine
979 1318 39 26 the
1029 1318 130 33 feasibility
1168 1320 47 26 and
1224 1326 63 20 cost-

298 1352 172 27 effectiveness
481 1354 29 26 of
517 1355 118 26 Medicare
644 1357 156 34 reimbursing
810 1359 37 25 the
857 1359 153 33 Department
1019 1359 30 26 of
1054 1360 107 26 Defense
1171 1360 37 26 for
1217 1366 124 22 treatment
1350 1362 30 26 of

298 1393 105 31 military
413 1394 164 26 beneficiaries
587 1404 43 24 age
639 1397 29 25 65
679 1398 47 25 and
735 1399 72 25 older.
818 1400 8 23 (
828 1395 151 39 subvention)

247 1513 54 25 Bob
313 1513 86 26 Dole’s
415 1509 60 46 many
476 1516 183 30 contributions
669 1523 23 20 to
703 1524 106 20 veterans
818 1520 60 25 have
888 1520 84 25 earned
981 1520 51 25 him
1042 1528 127 18 numerous
1179 1522 92 25 awards
1282 1519 123 40 including

247 1553 39 25 the
297 1554 144 26 AMVETS’
454 1555 77 26 Silver
541 1556 92 26 Helmet
642 1559 94 29 Award,
747 1559 38 25 the
795 1560 92 25 VFW’'s
897 1560 185 32 Congressional
1093 1562 95 26 Award,
1199 1562 38 24 the
1247 1563 112 25 Vietnam

247 1593 118 26 Veterans
376 1595 129 25 Institute's
517 1596 50 25 Life
577 1597 94 25 Service
680 1599 95 26 Award,
786 1600 37 25 the
831 1600 116 25 NCOA’s
956 1600 24 25 L.
991 1600 100 25 Mendel
1101 1601 83 25 Rivers
1195 1602 95 28 Award,
1301 1603 38 24 the

246 1633 116 25 National
373 1634 80 24 Guard
463 1636 173 25 Association’s
647 1637 73 31 Harry
730 1638 23 25 S.
764 1639 101 25 Truman
874 1639 93 28 Award,
978 1640 46 24 and
1033 1640 40 24 the
1083 1640 132 31 Legislator
1223 1641 31 24 of
1259 1641 39 24 the
1309 1642 62 24 Year

248 1673 90 24 Award
349 1672 61 26 from
420 1673 39 25 the
469 1674 84 26 Senior
561 1677 74 30 Army
645 1677 102 25 Reserve
757 1678 171 25 Commanders
937 1678 160 26 Association.
