726 1849
245 51 56 56 Ten
314 51 165 59 Important
491 53 174 50 Messages

246 118 32 42 to
290 115 141 52 Hispanic
443 113 181 46 Americans

38 142 182 81 PPB.
247 177 82 44 trom
340 176 52 44 the
404 175 181 53 Republican
597 173 94 51 Party

43 287 33 29 1.
100 291 95 29 Family
210 290 92 24 Values
318 298 43 15 are
377 290 45 23 the
437 289 162 29 centerpiece
615 287 28 24 of
655 286 45 24 the

38 327 147 30 Republican
196 326 99 30 agenda.
307 327 44 23 For
361 325 115 30 example,
488 324 161 31 Republicans
659 331 41 16 are

38 364 104 29 fighting
154 364 37 23 for
204 371 14 16 a
231 363 61 27 $500
306 371 42 21 per
361 362 63 24 child
436 365 42 21 tax
490 361 82 28 credit,
586 360 114 29 adoption

38 403 41 21 tax
87 400 89 23 credits
184 399 48 24 and
242 400 96 23 stricter
346 399 64 24 child
419 401 100 27 support
528 397 171 24 enforcement.

39 437 44 23 Bill
95 437 97 23 Clinton
204 436 45 24 has
260 436 84 23 vetoed
355 436 59 23 both
425 435 70 24 these
506 432 195 31 family-friendly

38 473 61 24 bills.

41 536 37 29 2.
103 539 160 30 Republicans
276 539 85 29 passed
366 531 14 42 a
401 538 41 24 bill
456 538 54 24 that
523 536 124 31 expanded
660 536 42 23 the

40 579 40 21 tax
92 576 128 24 deduction
232 584 31 15 on
275 575 134 24 Individual
421 575 150 23 Retirement
581 574 121 23 Accounts

40 616 24 21 to
76 620 100 23 spouses
186 612 53 24 who
250 612 66 23 work
326 612 25 23 in
362 612 42 23 the
414 612 78 23 home.
504 611 58 23 This
572 610 41 24 bill
624 608 79 24 would

40 650 61 23 have
108 649 120 24 benefited
236 649 115 29 Hispanic
356 649 127 22 American
491 647 108 28 families,
606 647 45 23 but
658 645 45 24 Bill

41 686 97 24 Clinton
148 685 85 24 vetoed
242 685 42 24 the
292 685 49 23 bill.

43 750 37 29 3.
104 753 157 30 Republicans
268 760 40 16 are
315 752 135 29 promoting
456 751 130 24 incentives
592 751 36 23 for
635 749 68 25 small

41 791 120 23 business
177 792 201 26 entrepreneurs
393 788 31 29 by
440 788 139 29 proposing
593 787 45 23 the
653 787 51 23 Tax

42 827 137 23 Incentives
193 826 37 23 for
243 825 46 24 Job
304 825 115 24 Creation
432 825 52 27 Act,
499 824 59 23 H.R.
575 825 68 22 1215.
658 822 45 24 Bill

42 863 98 24 Clinton
149 862 85 24 vetoed
243 862 49 24 this
302 861 47 24 bill.

44 927 37 28 A.
105 931 29 22 In
153 931 72 26 1993,
242 929 49 23 Bill
307 928 106 24 Clinton
429 928 51 23 and
496 927 44 24 the
556 928 148 22 Democrat-

43 967 128 24 controlled
178 967 116 28 Congress
301 965 105 30 imposed
413 965 41 23 the
461 964 87 30 largest
554 967 40 20 tax
600 964 105 23 increase

43 1005 24 22 in
76 1004 50 23 US.
135 1003 93 29 history.
243 1003 49 23 Not
299 1010 45 15 one
352 1001 146 30 Republican
505 1002 25 22 in
537 1001 42 23 the
586 1000 119 30 Congress

43 1048 27 16 or
79 1040 42 23 the
131 1040 88 23 Senate
228 1039 70 23 voted
308 1039 36 23 for
354 1038 49 24 this
412 1039 114 22 increase.
545 1037 161 29 Republicans

44 1076 152 24 understand
209 1076 55 23 that
278 1076 120 23 excessive
412 1077 68 21 taxes
494 1074 108 29 imposed
616 1074 31 29 by
660 1073 45 24 Bill

44 1113 102 24 Clinton
161 1112 49 24 and
225 1112 43 23 the
283 1112 147 23 Democrats
445 1111 60 23 hurt
519 1110 188 29 hard-working

44 1151 146 23 Americans.

47 1223 31 24 5.
108 1222 159 29 Republicans
274 1229 41 16 are
322 1220 109 30 working
436 1223 25 21 to
469 1228 55 16 save
531 1220 45 29 key
583 1227 124 22 programs

45 1259 59 24 such
113 1267 27 15 as
149 1258 120 24 Medicare
278 1257 48 24 and
335 1257 125 28 Medicaid,
471 1259 42 21 not
522 1256 55 29 only
586 1256 37 23 for
632 1255 74 30 today,

45 1295 44 24 but
98 1295 36 24 for
142 1303 44 15 our
195 1294 129 24 children’s
333 1294 87 23 future.
430 1293 163 29 Republicans
599 1292 86 30 passed
694 1300 14 15 a

45 1332 42 23 bill
102 1331 55 24 that
171 1331 80 23 would
265 1338 57 16 save
336 1330 123 24 Medicare
473 1329 48 24 and
535 1328 121 24 Medicaid
671 1328 37 24 for

46 1369 82 23 future
136 1368 160 29 generations.
305 1367 51 23 The
364 1367 141 23 Democrats
513 1365 104 30 opposed
625 1366 26 27 it,
660 1365 48 24 and

46 1405 45 23 Bill
101 1404 97 24 Clinton
208 1403 85 24 vetoed
302 1404 25 22 it.

49 1478 32 24 G.
109 1477 51 23 Bill
184 1476 109 24 Clinton
317 1475 52 24 and
393 1475 45 23 the
462 1475 156 23 Democrats
642 1474 67 23 have

47 1513 158 25 abandoned
224 1513 46 23 the
290 1520 53 16 war
362 1520 33 15 on
414 1512 90 29 drugs.
525 1511 54 24 The
599 1511 109 24 Clinton

47 1550 199 24 Administration
253 1548 102 24 reduced
362 1548 42 24 the
410 1548 66 24 work
482 1548 64 23 force
553 1548 24 23 in
584 1547 42 24 the
633 1547 76 24 Office

48 1587 26 24 of
78 1587 67 29 Drug
151 1586 97 24 Control
256 1586 76 29 Policy
339 1585 30 29 by
376 1586 30 23 80
413 1587 98 27 percent
517 1584 48 24 and
571 1583 138 25 eliminated

48 1625 46 22 227
108 1626 73 27 agent
194 1623 118 29 positions
326 1622 62 23 from
401 1621 43 24 the
457 1622 68 29 Drug
538 1621 172 23 Enforcement

47 1661 98 28 Agency.
168 1659 84 24 Under
263 1659 38 23 his
312 1658 203 28 administration,
527 1660 56 21 teen
595 1657 62 29 drug
667 1665 43 16 use

48 1697 44 23 has
102 1696 109 24 doubled.
231 1695 160 30 Republicans
401 1694 150 24 understand
561 1694 54 24 that
624 1694 86 29 simply

50 1734 56 22 “not
116 1732 121 30 inhaling”
248 1733 20 23 is
277 1734 43 21 not
329 1740 31 15 an
370 1731 110 24 effective
489 1731 62 30 drug
559 1731 77 29 policy.

662 1765 54 21 (over)
