1689 2203
810 114 79 28 T2O_2¢
901 122 71 17 searcn
983 122 38 15 anc
1031 115 117 27 piracemeN:
1161 116 106 20 Assistance
1280 121 27 16 S>

433 160 52 13 ones
595 153 41 23 Rat
639 149 18 36 eT
740 175 4 4 ‘
818 157 82 21 prepare
911 151 30 23 tor
952 158 11 15 a
972 158 46 15 new
1027 149 57 24 wade
1092 153 24 15 OF
1127 152 98 19 cusiness,
1243 150 48 23 Tas
1302 157 99 23 procosal

461 193 106 15 Joixzand
580 195 31 15 wre
622 195 86 17 tax-See
721 192 151 22 autpiacement
882 192 114 17 assistance
1006 186 48 22 cule.
1073 183 71 23 Under
1153 187 33 19 sbe
1194 190 79 20 current
1282 189 50 20 rule.

432 228 123 21 empioyets
567 228 80 19 ‘eceive
657 232 11 16 a
678 231 32 17 tax
722 228 61 18 sreak
792 227 27 17 On
828 223 51 22 suck
887 222 115 24 assistance
1011 218 119 32 gniy
1064 214 25 40 if
1098 214 31 40 the
1140 219 111 26 assistance
1260 222 16 23 is
1286 227 20 18 to
1317 221 46 24 find
1372 228 12 17 a

432 259 79 22 similar
519 263 36 22 (00
568 261 40 21 and
617 267 49 17 casn
676 263 99 27 payment
785 263 15 17 :3
811 263 34 18 not
854 257 81 24 offered
944 263 23 18 as
976 263 25 17 an
1011 255 121 25 alternative
1141 260 21 18 to
1171 256 33 24 the
1212 259 120 23 assistance.
1350 258 45 24 The

432 302 46 16 new
488 296 44 22 rule
542 296 43 28 wil
596 298 63 22 ailow
668 298 119 28 emplovers
796 299 20 19 to
826 294 85 30 provide
920 293 116 25 assistance
1044 299 28 18 on
1081 298 12 18 a
1102 290 88 27 tax-free
1198 294 54 26 basis
1260 300 54 19 even
1319 286 22 44 if
1352 295 17 28 a)
1380 296 35 24 the

433 338 115 18 assistance
558 333 60 29 nelps
628 339 84 24 prepare
721 334 34 22 the
764 331 110 31 employes
884 330 32 24 for
923 337 13 17 a
940 329 40 30 job
989 329 20 25 in
1018 336 13 17 a
1038 335 48 18 new
1094 329 57 25 trade
1159 336 23 18 or
1190 330 95 26 business
1294 338 24 17 or
1326 331 61 32 helps
1397 333 35 24 the

433 370 112 30 employes
556 375 49 18 start
614 370 31 24 his
655 377 23 17 or
686 371 36 23 her
730 375 48 18 own
787 367 102 25 business,
898 366 74 25 and/or
981 366 22 27 b)
1012 372 12 18 a
1031 367 51 26 cash
1090 372 99 23 payment
1197 369 18 24 is
1223 368 82 25 offered
1314 375 22 18 as
1345 375 27 18 an

426 409 130 24 -aiternative
567 412 18 17 to
597 408 119 22 assistance.

389 479 16 18 6.
435 474 138 24 Consolidate
584 479 57 17 more
649 474 50 23 than
709 472 25 23 80
745 461 77 44 federal
832 470 33 29 job
873 469 96 29 caining,
979 469 119 24 vocational
1106 465 118 30 education,
1233 471 40 23 and
1281 471 58 24 adult

435 512 113 21 education
556 515 110 24 programs
675 509 42 23 into
727 515 12 16 a
747 506 67 30 single
822 511 58 24 grant
888 510 21 19 to
918 506 34 23 the
960 510 70 19 states.
1047 502 39 26 We
1094 510 50 18 now
1151 504 67 31 spend
1226 511 57 18 more
1292 506 48 24 than
1349 507 28 24 $5

436 546 75 24 billion
520 552 11 17 a
540 551 55 23 year,
605 545 51 24 with
664 551 28 19 no
701 541 167 30 accountability,
877 541 40 25 and
925 540 81 25 studies
1014 540 60 25 show
1082 540 60 25 these
1149 547 107 24 programs
1264 547 35 19 are
1307 548 37 18 not

436 583 86 30 helping
531 583 84 29 people.
631 581 44 25 The
683 585 81 20 current
772 584 79 25 system
858 578 19 25 is
884 576 122 31 confusing,
1013 576 123 27 redundant,
1145 577 127 28 ineffective,
1281 579 40 23 and

436 619 123 31 expensive.
575 617 45 25 The
628 618 81 24 bortom
717 616 43 25 line
769 617 17 23 is
795 615 42 25 that
844 615 34 25 the
885 618 82 20 current
976 608 77 46 federal
1064 613 32 30 job
1107 613 89 32 training
1204 620 58 19 maze
1270 613 53 25 does
1332 619 37 20 not

437 656 60 23 teach
506 656 34 23 the
549 654 61 24 skills
619 654 91 24 workers
719 653 53 24 need
781 651 31 25 for
821 652 34 23 the
862 650 87 24 modern
957 649 125 31 workplace.
1099 648 68 26 States
1175 655 55 19 must
1238 650 55 25 have
1300 650 116 29 flexibility

438 699 20 17 to
467 693 131 30 experiment
606 690 52 24 with
666 689 119 25 innovative
794 686 127 31 approeches
930 685 42 26 like
979 685 105 25 vouchers
1091 685 44 24 that
1143 686 90 25 workers
1241 693 40 18 can
1288 692 39 19 use
1335 692 21 19 (0

438 730 103 31 purchase
549 729 35 24 the
593 727 89 30 training
690 726 47 29 they
747 725 53 25 need
810 717 44 48 from
866 717 80 48 private
957 721 88 31 training
1053 721 68 28 firms,
1129 722 92 28 schools,
1230 724 40 24 and
1278 729 134 24 community

439 766 101 29 colleges.

634 837 18 19 N
718 831 35 35 WwW:
925 831 16 21 Ni

307 911 140 29 Regulatory
457 909 74 24 Relief

399 980 141 30 Washington
548 980 61 25 rules,
618 978 139 30 Washington
765 975 131 32 regulations,
904 975 40 23 and
954 973 137 30 Washington
1098 974 37 23 red
1143 978 47 26 tape
1198 979 33 19 are
1238 974 115 30 strangling
1362 975 36 22 the

310 1018 116 24 American
434 1023 105 23 economy
549 1016 40 24 and
598 1016 101 29 lowering
709 1014 24 24 its
742 1012 109 26 economic
858 1011 80 31 growth
946 1015 48 20 rate.
1002 1012 35 23 An
1045 1009 111 25 estimated
1163 1009 47 26 $1.3
1220 1010 78 24 cillion
1306 1009 26 25 of

310 1055 115 24 economic
433 1054 86 28 activity
529 1054 17 22 is
556 1054 41 22 lost
606 1052 50 24 each
665 1057 48 24 year
721 1051 40 24 due
770 1055 20 19 to
799 1052 133 28 government
939 1046 133 31 regulations.
1088 1047 68 27 (Sores:
1166 1052 107 17 Carer
1226 1042 19 44 ‘or
1252 1042 22 44 te
1279 1052 44 20 Stuty
1332 1053 15 16 of
1352 1053 77 16 Amencaa

312 1098 80 17 Busess),
409 1090 53 24 That
471 1095 72 18 means
554 1088 64 25 fewer
626 1077 39 45 new
679 1087 46 31 joos
735 1086 40 24 and
784 1085 41 24 less
833 1084 117 24 take-home
958 1088 41 25 pay
1008 1081 32 25 for
1047 1082 119 24 America’s
1175 1081 96 25 families.

403 1156 107 24 President
519 1154 107 26 Clinton's
634 1161 49 17 own
691 1150 171 27 Administration
869 1151 36 22 has
913 1149 109 24 estimated
1030 1148 42 23 that
1080 1147 34 23 the
1122 1153 46 18 cost
1176 1147 26 24 of
1207 1147 121 31 complying
1336 1148 52 23 with

315 1193 79 24 federal
404 1193 128 28 regulations
541 1197 43 17 was
594 1197 20 17 at
622 1190 52 24 least
682 1188 55 26 $668
746 1188 73 25 billion
827 1187 20 23 in
858 1185 58 25 1995.
925 1191 12 18 a
946 1185 66 29 figure
1020 1185 66 29 larger
1093 1183 49 24 than
1151 1183 33 24 the
1192 1183 64 24 entire
1263 1184 97 30 personal

316 1229 84 24 income
410 1234 34 18 tax
454 1227 32 25 for
494 1228 34 23 the
537 1233 58 17 same
604 1232 55 23 vear.
674 1225 51 23 This
733 1225 18 23 is
760 1229 56 19 more
824 1222 47 24 than
878 1221 76 25 $6,000
963 1226 36 23 per
1007 1218 121 25 household.
1146 1218 32 29 By
1187 1219 33 23 the
1227 1225 50 22 vear
1283 1219 64 24 2000,
1356 1219 60 22 these

317 1264 79 29 figures
405 1270 34 18 are
448 1263 103 29 expected
559 1267 21 18 to
590 1262 39 23 rise
638 1267 21 18 to
668 1261 75 23 almost
752 1259 50 24 $721
815 1258 78 33 billion,
901 1263 23 17 or
931 1255 77 27 $7,000
1016 1261 37 24 per
1060 1254 123 24 household.
1199 1254 23 24 In
1230 1255 58 23 other
1296 1254 75 23 words.
1382 1259 54 17 even

318 1299 18 24 if
343 1306 26 16 no
379 1305 49 17 new
437 1298 77 24 federal
524 1297 127 30 regulations
659 1302 34 18 are
702 1294 101 31 imposed,
811 1294 33 22 the
852 1293 126 29 “regulatory
988 1289 44 25 tax”
1040 1296 28 17 on
1077 1288 52 25 each
1136 1288 111 25 American
1255 1288 73 29 family
1338 1288 56 24 from

318 1335 130 30 regulations
456 1334 83 29 already
549 1339 28 18 on
586 1333 33 23 the
628 1332 68 24 books
704 1330 43 24 will
756 1332 89 22 increase
853 1329 26 28 by
888 1326 76 28 $1,000
972 1332 50 18 over
1029 1325 34 23 the
1071 1330 49 18 next
1129 1324 47 24 four
1183 1330 63 23 years.
1262 1325 68 27 (Sowes:
1342 1330 33 18 U.S.
1382 1329 45 18 Smail

319 1369 69 16 Busmens
393 1368 126 17 Adaunisuraion)
1141 1370 2 2 :

409 1422 107 23 President
525 1421 86 24 Clinton
619 1420 38 24 has
665 1418 95 30 opposed
768 1418 39 23 real
815 1416 112 30 regulatory
935 1414 83 25 reform.
1033 1413 44 24 Just
1086 1412 51 24 look
1144 1417 20 18 ar
1172 1412 34 23 the
1214 1411 58 25 facts:
1289 1411 32 23 He
1330 1411 96 30 opposed

320 1460 41 23 and
370 1457 122 24 threatened
499 1462 21 18 to
530 1462 48 18 veto
588 1457 33 22 the
629 1453 178 31 Comprehensive
815 1451 122 30 Regulatory
945 1449 85 25 Reform
1038 1451 41 21 Act
1086 1447 26 25 of
1120 1448 60 24 1995,
1189 1447 68 25 which
1265 1447 71 33 would
1345 1446 54 23 have

321 1494 97 29 required
427 1490 137 27 cost-benetit
572 1492 41 23 and
621 1491 43 24 risk
671 1493 125 21 assessment
804 1487 87 29 analysis
898 1485 27 24 of
929 1491 47 18 new
985 1482 75 26 federal
1069 1483 132 29 reguiations.
1217 1481 32 24 He
1257 1481 76 24 vetoed

323 1529 120 29 regulatory
451 1526 78 24 reform
539 1527 20 23 in
568 1527 40 22 late
619 1526 52 24 199$
681 1532 23 17 as
713 1530 43 23 part
763 1523 26 24 of
793 1522 114 30 legisiation
915 1524 20 27 tq
944 1519 91 23 increase
1043 1518 34 23 the
1085 1518 49 23 debt
1141 1517 83 29 ceiling.
1240 1516 39 24 His

324 1563 157 28 “Reinventing
489 1560 155 25 Government”
653 1565 95 24 program
756 1559 75 25 mainly
841 1556 73 24 looked
922 1555 19 23 ag
950 1554 84 23 intemal
1043 1559 78 22 agency
1131 1552 61 23 rules,
1201 1557 34 18 not
1243 1552 60 22 those
1312 1552 54 22 rules
1376 1552 42 21 that

326 1598 81 23 burden
416 1597 127 22 individuals
552 1596 40 22 and
602 1596 77 26 privace
687 1594 101 23 business.
