1700 2203
852 37 113 20 rwyvr

689 94 195 74 DOLE
916 98 209 75 KEMP

291 216 79 36 Bos
390 214 105 37 DOLE
515 227 92 29 WILL
625 232 128 27 RENEW
770 233 76 27 OUR
861 235 260 30 COMMITMENT
1136 238 48 27 TO
1199 241 71 29 THE
1289 234 97 40 War
1402 249 48 27 oN
1469 242 131 40 Drucs

289 333 52 26 Bob
354 332 75 26 Dole:

288 428 10 10 *
340 422 56 25 Will
409 409 62 38 once
482 423 71 32 again
564 424 71 27 make
645 426 39 26 the
696 426 56 26 War
760 434 34 19 on
804 427 79 35 Drugs
890 419 9 49 a
917 435 41 28 top
967 431 107 33 priority.

287 513 10 11 *
337 508 121 34 Supports
469 510 157 35 stepping-up
638 511 90 28 federal
739 513 48 26 law
795 513 190 30 enforcement’s
994 518 80 27 attack
1083 519 96 34 against
1187 521 62 35 drug
1258 523 116 35 kingpins
1383 528 49 25 and
1441 529 61 28 their

337 550 154 28 lieutenants.
511 551 173 29 Enforcement
692 554 32 27 of
729 554 41 38 the
780 555 90 28 federal
880 556 60 35 drug
950 557 60 28 laws
1020 559 43 28 has
1073 559 76 29 fallen
1158 562 43 27 off
1206 563 98 35 sharply
1315 566 25 27 in
1349 574 82 21 recent
1439 577 77 25 years.
1536 573 26 26 In

337 591 57 30 fact,
405 592 69 27 since
488 593 69 29 1992,
568 594 60 34 drug
638 596 169 33 prosecutions
817 597 32 34 by
858 595 41 30 the
907 598 91 28 Justice
1008 600 158 35 Department
1174 603 64 28 have
1246 605 111 35 dropped
1367 608 31 33 by
1408 617 68 20 more
1486 612 56 28 than

340 634 65 29 10%,
416 635 48 26 and
474 635 154 28 convictions
639 636 42 28 fell
692 637 24 27 in
730 638 62 27 1994
801 638 62 28 after
871 647 68 26 years
948 640 32 28 of
985 642 85 33 steady
1080 643 129 29 increases.

285 727 11 11 *
336 721 120 34 Supports
466 722 100 34 making
575 723 61 34 drug
646 724 161 32 interdiction,
817 726 40 27 the
866 734 98 26 process
974 727 33 34 by
1016 729 81 28 which
1106 730 74 35 drugs
1189 740 41 19 are
1239 734 84 27 seized
1332 735 84 29 before
1426 738 56 34 they
1492 742 71 26 reach

334 770 46 19 our
389 763 108 30 borders,
507 772 16 18 a
531 769 42 29 top
584 764 95 35 foreign
687 766 84 33 policy
780 767 106 34 priority.
906 768 72 28 Since
991 770 70 31 1993,
1071 771 40 27 the
1121 772 100 29 Clinton
1230 775 203 30 Administration
1443 780 43 27 has
1496 788 40 20 cut

335 803 105 34 funding
451 804 37 27 for
497 805 61 33 drug
568 806 153 27 interdiction
731 807 32 33 by
776 808 57 26 16%
842 816 59 20 over
909 810 40 27 the
958 810 46 27 last
1013 812 66 27 three
1087 810 78 42 years.

283 894 10 12 *
334 890 58 26 Will
403 890 94 33 require
506 891 61 34 drug
577 893 89 33 testing
675 892 39 27 for
722 893 70 28 those
802 894 25 27 in
836 895 39 26 the
885 895 89 28 federal
984 897 111 28 criminal
1100 899 91 33 justice
1201 907 114 26 system--
1326 904 25 26 in
1359 905 91 32 prison,
1461 907 128 32 probation

331 938 29 19 or
369 931 97 33 pretrial
476 932 115 27 release--
600 933 47 27 and
656 934 111 33 penalize
776 935 70 27 those
855 936 50 27 that
914 945 42 19 use
965 938 73 27 them.

283 1022 10 12 *
333 1017 59 26 Will
402 1018 101 32 appoint
512 1018 76 34 tough
593 1019 90 34 judges
692 1020 56 27 who
758 1007 78 41 won't
844 1022 31 27 be
883 1022 64 28 “soft
955 1031 34 19 on
997 1025 99 27 crime.”

283 1107 11 12 °
341 1102 116 27 Believes
466 1110 38 19 we
513 1109 66 21 must
587 1110 90 21 restore
686 1105 40 27 the
735 1105 89 34 stigma
832 1108 135 26 associated
976 1109 59 26 with
1044 1110 82 33 illegal
1135 1111 61 34 drug
1205 1120 50 19 use.
1274 1113 55 27 Bob
1339 1115 63 26 Dole
1411 1116 43 26 has
1465 1118 92 32 spoken

332 1149 43 20 out
384 1139 94 45 against
493 1139 64 45 drugs
571 1139 39 45 and
624 1139 38 45 has
676 1139 136 45 repeatedly
823 1139 75 45 stated
913 1139 64 45 there
988 1139 42 45 can
1040 1139 30 45 be
1081 1158 30 19 no
1121 1152 345 37 ambiguity
1265 1148 52 47 that
1328 1148 48 47 drug
1391 1148 40 47 use
1442 1148 28 47 is
1477 1165 89 26 wrong.

332 1186 36 23 As
380 1184 55 26 Bob
445 1184 63 26 Dole
517 1185 106 33 recently
633 1186 84 31 stated,
726 1187 38 26 “A
774 1195 111 27 message
894 1189 49 27 that
951 1190 72 33 drugs
1032 1198 41 19 are
1081 1191 63 27 O.K.
1154 1200 28 19 or
1190 1193 118 28 harmless
1318 1194 64 28 fun—
1391 1204 15 18 a
1414 1205 111 25 message
1535 1199 51 26 that

332 1224 44 26 has
387 1225 62 25 been
459 1232 58 19 seen
526 1226 25 26 in
560 1226 129 27 television
697 1227 48 27 and
754 1229 95 27 movies
857 1229 48 27 and
913 1230 73 26 heard
995 1231 25 26 in
1028 1232 102 33 popular
1138 1234 78 26 music
1225 1241 34 19 on
1267 1242 31 19 an
1307 1235 135 35 increasing
1452 1238 64 26 basis

332 1265 130 32 recently
472 1265 20 27 is
501 1273 16 18 a
526 1273 111 27 message
646 1274 38 19 we
692 1267 89 28 should
789 1274 43 22 not
840 1270 47 26 and
895 1275 65 22 must
968 1276 43 21 not
1019 1272 121 26 tolerate.”

283 1354 10 12 *
332 1349 51 26 Has
394 1350 74 32 urged
477 1350 164 28 Californians
649 1356 26 22 to
684 1352 73 33 reject
766 1353 156 28 California’s
930 1356 172 27 controversial
1111 1357 152 33 Proposition
1272 1359 57 30 215,
1339 1360 39 26 the
1387 1361 116 26 initiative
1513 1362 49 26 that

331 1390 85 25 would
425 1390 61 26 have
495 1390 40 26 the
545 1390 75 27 effect
628 1391 31 27 of
664 1392 130 35 legalizing
802 1394 138 33 marijuana.
959 1395 48 27 Bill
1017 1396 99 27 Clinton
1124 1397 43 26 has
1176 1403 41 26 yet
1225 1403 24 21 to
1258 1399 56 26 take
1323 1407 15 18 a
1345 1401 106 31 position
1460 1409 32 18 on
1501 1402 39 25 the

331 1429 74 27 issue.

332 1632 36 23 As
380 1629 129 30 President,
520 1630 54 27 Bob
583 1631 63 26 Dole
655 1633 49 26 will
713 1634 101 32 provide
822 1634 40 27 the
870 1635 129 26 American
1007 1636 86 32 people
1102 1636 58 26 with
1169 1637 39 26 the
1218 1637 133 33 leadership
1361 1646 38 18 we
1408 1640 108 31 urgently

282 1670 62 25 need
354 1675 24 20 to
390 1669 61 32 fight
460 1670 39 26 the
508 1670 75 34 rising
592 1671 60 33 drug
660 1673 116 32 problem.
795 1674 37 26 He
841 1675 50 25 will
900 1675 70 26 make
978 1683 15 17 a
1000 1676 167 26 commitment
1174 1681 25 21 to
1209 1684 80 19 renew
1297 1678 136 25 America’s
1444 1678 54 25 War
1507 1686 32 18 on

283 1709 87 32 Drugs.
390 1709 37 26 He
437 1709 49 27 will
495 1711 101 32 provide
605 1711 40 26 the
654 1719 126 26 necessary
789 1721 122 19 resources
920 1719 24 21 to
954 1714 61 33 fight
1023 1714 81 34 illegal
1112 1715 60 33 drug
1182 1723 49 19 use.
1250 1716 37 26 He
1296 1716 50 26 will
1355 1717 99 32 appoint
1463 1724 14 18 a
1486 1723 81 26 strong

281 1749 83 32 “Drug
374 1749 85 26 Czar.”
477 1750 36 25 He
523 1750 50 26 will
583 1756 42 21 not
633 1751 30 26 be
672 1751 76 27 afraid
756 1758 25 21 to
790 1759 40 26 get
838 1754 75 32 tough
921 1754 58 26 with
987 1755 118 26 countries
1115 1755 48 26 that
1172 1755 79 26 refuse
1260 1760 25 21 to
1294 1761 126 27 cooperate
1428 1757 59 36 with
1496 1764 43 17 our

282 1789 122 31 anti-drug
413 1788 92 27 efforts.
524 1790 64 29 And,
597 1795 64 21 most
670 1791 135 33 important,
814 1793 29 26 he
853 1793 50 26 will
912 1793 68 27 show
988 1794 39 25 the
1036 1795 75 25 moral
1121 1795 133 32 leadership
1263 1802 38 18 we
1310 1795 61 26 need
1379 1800 25 21 to
1413 1801 90 26 protect
1512 1803 44 17 our

281 1828 110 25 children
402 1828 62 26 from
473 1828 81 33 illegal
564 1829 79 33 drugs,
653 1830 32 32 by
694 1832 98 32 making
802 1832 17 26 it
827 1833 64 25 clear
899 1833 47 26 that
955 1833 59 32 drug
1023 1841 42 18 use
1075 1834 20 25 is
1104 1841 83 24 wrong
1196 1834 47 25 and
1251 1834 51 25 will
1311 1839 42 21 not
1361 1834 30 26 be
1401 1835 119 25 tolerated.

127 2035 135 23 Authorized
271 2037 44 21 and
324 2038 54 28 paid
388 2038 33 21 for
429 2039 28 27 by
467 2039 144 30 Dole/Kemp
621 2042 38 23 ’96,
669 2042 80 22 Robert
757 2043 21 22 E.
788 2044 127 28 Lighthizer,
923 2045 111 22 Treasurer

126 2080 39 21 810
174 2080 52 23 First
233 2081 75 24 Street,
316 2083 121 22 Northeast
447 2089 10 11 ©
467 2084 60 23 Suite
536 2086 39 21 300
586 2091 10 11 «
607 2086 149 31 Washington,
766 2089 38 22 DC
812 2090 67 22 20002
890 2096 9 10 «
910 2091 55 25 (202)
974 2092 103 21 414-6400
