1684 2203
265 1794 50 20 “Long
325 1794 83 16 Abraham
418 1797 11 12 a
440 1792 44 17 Little
494 1791 70 20 Lonper™

259 1812 18 32 1s
288 1812 25 32 the
323 1812 33 32 utle
365 1812 20 32 of
392 1812 35 32 tus
433 1819 66 16 caneen
512 1816 52 17 which

263 1845 103 16 appeared
352 1838 16 31 in
376 1842 96 17 “Harper's”
481 1846 31 13 musi
521 1845 43 13 ater

265 1869 77 17 Lincoin's
355 1871 91 13 re-eiecuon.
460 1866 64 19 During
537 1866 27 17 the

260 1887 86 31 camparen
357 1887 64 31 Lincoin
427 1887 45 31 said:
481 1891 83 18 “Suppert-

266 1922 26 15 ing
301 1916 69 18 General
378 1916 102 18 McClellan.
493 1929 4 3 .
510 1928 3 4 .
523 1912 13 29 1s
547 1912 18 29 ne

268 1943 95 15 violation
346 1935 17 32 of
370 1946 46 12 army
423 1939 142 21 regulations,
536 1935 32 32 and

266 1972 36 12 @5
293 1963 8 29 a
309 1969 97 15 quesiion
387 1963 18 29 o|
414 1970 41 12 \asie
463 1968 16 14 of
489 1967 76 17 choosing

264 1985 73 31 beiween
346 1993 27 14 nm
381 1991 34 16 and
423 1995 27 12 me.
460 1990 36 16 weil.
505 1989 27 16 I'm
540 1992 27 13 the

268 2017 64 16 longexi.
341 2016 28 15 bui
383 2015 32 16 he's
428 2016 48 15 bener
488 2012 80 20 leokane.~

265 2036 73 30 Solders
345 2036 43 30 chene
395 2036 63 30 Linceim,
467 2036 36 30 \hres
512 2036 13 30 te
535 2036 33 30 one.

1066 197 288 101 Origin
1427 206 90 75 of

844 318 668 100 "Republican"

811 459 48 24 The
868 460 144 29 designation
1021 461 24 23 of
1055 460 140 29 Republican
1203 463 23 22 to
1235 467 46 18 one
1291 463 23 23 of
1323 463 38 23 the
1371 466 42 21 two
1424 466 92 23 modern

811 490 109 41 American
930 490 97 41 political
1039 490 78 41 parties
1131 490 52 41 came
1195 490 44 41 into
1245 497 93 23 modern
1343 502 75 25 usage
1424 499 20 22 in
1451 499 65 23 1854.

812 527 40 24 But
854 523 31 40 its
890 528 68 29 origin
963 533 61 24 goes
1030 529 86 24 back
1091 523 21 40 to
1121 530 38 23 the
1164 523 45 40 time
1221 530 24 23 of
1250 531 114 23 Jefferson
1370 533 44 22 and
1419 538 49 18 was
1473 534 45 22 tied

812 562 20 22 in
840 562 50 23 with
898 563 38 22 the
946 567 44 19 use
999 563 23 23 of
1029 563 40 23 the
1077 565 56 21 term
1143 564 127 23 Democrat.

912 595 124 30 Originally,
1049 597 129 28 republican
1185 603 50 19 was
1244 603 15 19 a
1268 603 82 24 vague,
1362 601 83 22 neutral
1454 602 62 24 term,

811 630 105 23 because
922 630 39 23 the
968 630 148 24 Constitution
1123 631 46 23 had
1175 633 141 27 guaranteed
1322 634 23 21 to
1352 638 68 23 every
1426 635 60 22 state
1493 635 23 22 “a

812 664 132 28 republican:
954 664 57 23 form
1025 664 24 23 of
1063 666 165 27 government.”
1256 666 115 23 Jefferson
1386 667 20 22 in
1423 667 33 24 his
1470 668 45 23 first

812 698 113 28 inaugural
931 698 100 23 address
1038 698 21 22 in
1066 698 57 24 1801
1133 699 57 26 said,
1197 699 50 24 “We
1253 704 40 19 are
1299 700 27 23 all
1333 700 141 26 Federalists;
1481 707 35 18 we

811 735 39 19 are
859 731 26 23 all
895 731 171 29 Republicans.”
1079 731 36 24 On
1123 733 39 23 the
1168 733 66 24 other
1240 734 67 25 hand,
1317 734 64 23 since
1388 734 38 23 the
1435 734 79 24 Feder-

811 765 63 23 alists
885 776 8 5 -
903 765 39 23 the
952 767 63 26 party
1024 765 24 23 of
1058 766 39 23 the
1107 767 89 23 second
1207 767 121 28 president,
1339 768 60 22 John
1410 768 85 23 Adams
1506 780 8 4 -

810 803 60 18 were
877 799 104 23 accused
987 799 23 23 of
1017 799 69 29 being
1092 800 144 26 aristrocrats,
1254 795 102 39 democrat
1365 795 75 39 offered
1458 802 56 23 itselt

811 836 28 19 as
847 832 39 23 the
895 833 84 22 natural
987 834 143 27 counterpart
1137 833 24 23 of
1168 834 44 23 this
1219 836 62 21 term.

811 865 41 23 But
862 870 67 24 many
937 866 107 28 objected
1052 868 24 21 to
1085 866 69 29 being
1162 867 73 23 called
1244 868 157 25 “democrats,”
1410 868 103 23 because

809 899 39 23 the
858 899 61 23 word
929 899 95 29 brought
1034 904 31 24 up
1075 900 85 23 visions
1170 900 24 23 of
1204 901 53 23 mob
1267 902 46 22 rule
1324 902 20 21 in
1355 902 158 28 revolutionary

812 932 91 24 France.
916 932 177 30 Consequently,
1099 934 40 23 the
1147 933 134 24 Federalists
1287 935 59 23 used
1353 935 134 23 “democrat”
1493 936 19 21 in

810 970 15 19 a
836 966 102 26 derisive,
952 967 105 28 negative
1068 971 75 19 sense
1153 969 24 21 to
1188 968 68 22 throw
1268 970 22 21 at
1301 968 56 23 their
1366 969 145 27 “republican”

810 1000 71 23 rivals.
891 1000 134 24 Jefferson's
1029 1000 111 24 followers
1144 1001 53 23 thus
1202 1001 112 28 preferred
1319 1003 22 21 to
1348 996 26 37 be
1381 1002 72 23 called
1458 1002 52 23 “Re-

810 1034 135 28 publicans,”
957 1034 107 28 although
1075 1034 40 23 the
1128 1034 80 23 official
1222 1039 68 19 name
1302 1035 24 23 of
1340 1035 33 23 his
1387 1037 60 26 party
1459 1041 49 18 was

811 1067 275 28 Democrat-Republican.

810 1101 54 23 With
871 1101 39 23 the
917 1101 89 23 decline
1013 1101 24 23 of
1043 1101 39 23 the
1091 1101 141 26 Federalists,
1241 1102 92 27 political
1341 1102 121 23 affiliations
1470 1103 39 22 be-

809 1138 67 19 came
884 1138 15 19 a
907 1135 78 22 matter
991 1134 23 23 of
1021 1134 157 28 personalities
1187 1130 69 37 rather
1267 1130 44 37 than
1324 1136 88 27 parties.
1429 1136 13 22 It
1450 1138 58 20 must

810 1168 58 22 have
874 1168 61 22 been
940 1168 123 28 especially
1067 1168 148 28 contusing
1190 1164 21 36 to
1219 1170 76 21 voters
1301 1169 20 21 in
1328 1169 65 25 1824,
1399 1169 65 23 when
1469 1170 39 22 the

809 1201 49 23 four
863 1201 135 23 candidates
1004 1201 35 23 for
1045 1201 114 28 president
1165 1206 61 18 were
1233 1202 28 22 all
1268 1202 113 23 members
1388 1203 23 22 of
1417 1202 38 23 the
1464 1202 44 23 Fe-

809 1234 105 27 publican
920 1235 68 27 party.
1006 1234 72 23 When
1087 1234 94 23 Andrew
1188 1235 102 23 Jackson
1298 1240 50 18 won
1357 1236 92 22 election
1458 1236 49 22 four

809 1271 67 24 years
885 1267 59 26 later,
954 1267 35 23 his
996 1268 58 28 wing
1061 1267 23 23 of
1092 1267 39 23 the
1139 1269 61 26 party
1207 1268 97 22 decided
1312 1269 22 22 to
1343 1268 44 23 end
1396 1269 26 22 all
1429 1269 77 22 confu-

810 1300 49 23 sion
867 1300 46 23 and
920 1300 138 23 reintroduce
1065 1301 135 23 “democrat”
1206 1305 29 19 as
1242 1305 15 18 a
1263 1301 97 27 partisan
1368 1301 64 24 label;
1439 1302 66 21 immi-

805 1329 78 37 grants
894 1329 47 37 also
953 1329 50 37 were
1014 1329 66 37 drawn
1095 1335 19 21 to
1125 1329 41 37 this
1178 1329 56 37 party
1243 1334 20 21 in
1276 1329 32 37 the
1319 1329 91 37 decades
1422 1335 82 24 ahead,

805 1362 99 36 because
919 1362 27 36 of
958 1362 60 36 their
1030 1362 108 36 advocacy
1150 1362 25 36 of
1189 1362 147 36 “democracy”
1350 1378 8 4 -
1375 1371 9 18 a
1399 1362 108 36 semantic

809 1399 146 23 coincidence
966 1399 48 23 that
1027 1399 132 23 Democrats
1171 1400 37 22 did
1221 1401 37 20 not
1271 1400 58 22 mind
1339 1400 129 27 trumpeting
1481 1401 22 20 at

810 1432 94 23 election
911 1432 60 23 time.
