1684 2198
786 203 117 37 xk

636 271 188 79 DOLE
849 273 200 81 KEMP

510 423 54 23 Bob
575 424 69 23 Dole:
663 423 53 25 The
726 425 84 23 Better
819 425 61 24 Man
892 425 40 24 for
941 433 14 16 a
966 426 84 23 Better
1059 429 116 24 America

764 463 64 24 Jack
838 462 81 32 Kemp

578 500 155 31 Republican
744 502 58 22 Vice
813 502 163 24 Presidential
986 504 119 24 Nominee

749 539 111 25 October
872 539 60 25 1996

260 613 26 25 Tn
295 613 47 25 less
352 613 55 26 than
416 622 46 18 one
471 616 88 28 month,
569 624 46 23 you
625 616 45 25 and
680 617 103 25 millions
794 617 29 25 of
828 617 91 32 college
929 619 104 25 students
1043 627 78 19 across
1131 621 39 25 the
1179 628 96 27 country
1286 625 48 25 will
1345 625 28 25 be

260 653 96 31 making
365 661 14 17 a
388 653 106 27 decision
503 654 48 26 that
560 656 47 25 will
617 656 158 30 dramatically
786 656 71 25 affect
866 664 59 23 your
935 657 93 26 futures.
1040 659 25 25 In
1074 659 38 26 the
1121 661 72 25 midst
1202 663 29 23 of
1238 664 105 32 working
1353 669 23 21 to

260 691 59 25 raise
328 699 60 25 your
397 693 70 30 GPA,
478 695 108 32 studying
596 694 37 25 for
642 695 37 25 the
689 696 93 25 GMAT
791 703 26 17 or
826 697 61 24 GRE
898 697 45 25 and
951 697 120 33 polishing
1080 707 59 23 your
1148 707 99 24 resume,
1256 709 49 24 you
1315 703 47 26 will
1373 705 29 25 be

259 731 115 33 selecting
383 732 38 26 the
430 738 55 21 next
494 733 119 27 President
621 734 30 26 of
655 734 39 26 the
703 736 85 24 United
799 736 75 25 States
883 749 20 6 --
913 737 44 24 and
967 737 115 34 choosing
1091 739 39 25 the
1138 740 56 31 path
1203 742 48 24 that
1259 749 43 18 our
1311 739 99 41 country

259 770 66 26 takes
334 771 50 26 into
392 772 39 25 the
440 777 54 22 next
503 773 154 26 millennium.

257 849 39 26 No
306 857 46 18 one
361 850 42 26 has
412 859 15 16 a
435 851 81 31 bigger
524 852 65 25 stake
599 853 24 25 in
631 852 46 26 this
686 852 99 25 election
796 853 53 24 than
858 861 79 24 young
948 859 82 21 voters.
1049 857 38 23 No
1097 862 69 21 event
1175 858 45 25 this
1230 867 55 23 year
1293 861 49 24 will

258 888 73 31 shape
340 895 59 24 your
408 889 87 27 futures
505 899 65 17 more
579 891 54 25 than
642 891 45 25 this
696 892 106 25 election.
822 892 39 28 So,
872 900 55 17 over
936 893 39 24 the
984 899 54 20 next
1047 895 48 24 few
1103 897 87 28 weeks,
1200 897 9 26 I
1219 905 55 24 urge
1284 905 48 25 you
1340 904 23 20 to

258 925 60 33 keep
326 935 61 23 your
394 935 65 25 eyes,
468 937 58 23 your
534 936 51 19 ears
594 930 45 26 and
648 938 59 23 your
715 930 77 26 minds
801 938 61 25 open
871 936 23 19 to
905 931 52 25 Bob
967 932 60 25 Dole
1037 933 45 26 and
1090 934 37 25 his
1137 936 79 24 vision
1225 936 37 25 for
1270 938 45 25 this

257 966 122 32 country’s
389 967 82 25 future.

258 1043 53 25 Bob
320 1044 62 25 Dole
391 1044 46 26 and
446 1046 9 23 I
464 1045 66 25 share
540 1054 14 16 a
561 1046 80 25 vision
648 1046 37 25 for
692 1048 110 24 America
811 1047 48 25 that
866 1047 110 31 provides
985 1049 38 24 the
1032 1049 107 26 freedom
1148 1051 45 24 and
1202 1052 38 24 the

257 1083 171 30 opportunities
437 1084 37 25 for
481 1084 31 25 all
522 1085 138 25 Americans
668 1089 24 21 to
700 1085 67 25 work
774 1087 104 30 together
887 1087 88 24 toward
984 1094 14 17 a
1006 1094 140 25 prosperous
1155 1090 54 24 21st
1217 1096 102 25 century.
1339 1094 43 22 We

257 1120 93 26 believe
358 1122 50 25 that
416 1121 31 26 all
455 1123 138 25 Americans
602 1123 84 25 should
696 1123 58 25 have
764 1124 72 25 better
844 1124 61 25 tools
915 1125 45 24 and
969 1125 73 26 better
1050 1128 168 31 opportunities
1228 1132 23 21 to
1261 1129 65 25 work
1335 1131 46 24 and

257 1163 24 21 to
290 1167 86 23 pursue
385 1167 14 18 a
408 1161 87 31 quality
505 1161 130 25 education.
653 1162 42 25 We
705 1162 91 25 believe
805 1162 46 25 that
860 1163 38 24 the
909 1163 86 25 federal
1004 1170 154 25 government
1166 1167 85 25 should
1260 1167 29 25 be
1298 1169 95 25 smaller

258 1197 44 25 and
312 1205 66 19 more
387 1198 112 26 efficient.
526 1200 43 25 We
577 1200 91 25 believe
677 1200 25 25 in
710 1201 105 31 building
825 1206 78 26 strong
913 1201 101 25 families
1024 1203 32 30 by
1064 1204 158 32 encouraging
1232 1212 87 22 secure,

257 1236 102 31 positive
368 1237 174 26 environments
551 1243 23 20 to
584 1240 66 24 teach
659 1239 46 25 and
712 1244 24 20 to
745 1239 59 25 raise
814 1239 109 25 children.

258 1313 52 24 Bob
320 1313 61 25 Dole
390 1314 46 24 and
445 1315 9 23 I
464 1315 90 24 believe
563 1315 48 24 that
618 1322 80 23 young
707 1316 84 29 people
800 1316 45 24 like
855 1323 47 22 you
911 1316 54 24 who
975 1323 37 17 are
1021 1318 104 31 entering
1135 1319 38 24 the
1178 1319 44 31 job
1231 1320 88 24 market

257 1349 98 26 deserve
364 1351 73 26 better
445 1352 54 26 than
507 1352 39 25 the
555 1357 72 20 status
635 1360 47 24 quo
692 1367 19 6 --
721 1353 76 25 where
806 1361 77 23 wages
893 1354 58 25 have
962 1356 119 30 stagnated
1091 1356 37 26 for
1136 1364 66 23 years
1211 1358 46 25 and
1265 1358 38 25 the

257 1396 118 25 economy
384 1390 42 26 has
436 1392 116 31 sputtered
560 1392 70 32 along
638 1396 24 20 at
670 1399 13 17 a
692 1392 104 32 sluggish
807 1393 35 25 2.3
853 1397 93 27 percent
955 1394 90 30 growth
1053 1399 54 20 rate.
1125 1396 59 25 That
1193 1396 20 25 is
1223 1397 53 31 why
1285 1405 36 18 we
1331 1398 48 24 will

257 1433 39 20 cut
304 1433 73 25 taxes,
387 1430 53 25 trim
449 1430 38 25 the
496 1430 153 33 Washington
658 1431 160 31 bureaucracy,
829 1431 44 25 and
882 1432 69 26 boost
961 1440 77 25 wages
1048 1434 45 25 and
1103 1436 96 29 growth.

257 1507 53 26 Bob
319 1508 62 26 Dole
390 1509 46 25 and
441 1503 8 48 I
464 1510 90 25 believe
563 1510 47 25 that
618 1510 69 26 when
695 1517 47 25 you
751 1516 64 20 enter
822 1511 37 25 the
869 1511 65 25 work
943 1510 70 31 force,
1023 1520 48 23 you
1080 1513 84 26 should
1174 1518 40 21 not
1223 1515 74 32 spend
1305 1523 65 18 more
1379 1517 30 25 of

257 1555 58 23 your
324 1548 121 31 paycheck
453 1557 32 17 on
494 1554 64 21 taxes
567 1550 53 25 than
630 1558 31 17 on
670 1550 64 28 food,
743 1550 103 31 clothing
856 1551 44 24 and
909 1551 85 25 shelter
1002 1552 132 26 combined.
1153 1554 58 23 That
1221 1554 18 25 is
1249 1561 36 18 we
1294 1561 38 18 are

257 1587 138 25 committed
404 1592 24 20 to
437 1589 88 31 cutting
533 1589 38 25 the
580 1588 87 26 federal
677 1589 91 25 income
779 1594 36 20 tax
824 1594 46 20 rate
879 1590 30 30 by
922 1591 26 23 15
959 1596 93 26 percent
1060 1592 46 24 and
1116 1592 65 26 leave
1191 1600 64 17 more
1264 1593 29 26 of
1299 1602 59 22 your

257 1625 121 32 paycheck
387 1625 25 27 in
421 1635 58 22 your
486 1627 85 33 pocket
579 1628 76 25 where
665 1628 16 25 it
690 1628 104 31 belongs.

257 1703 53 23 Bob
320 1703 61 25 Dole
390 1704 46 24 and
438 1699 11 42 I
463 1704 90 26 believe
563 1705 16 24 it
588 1704 20 25 is
618 1712 80 24 wrong
707 1705 46 25 that
762 1713 47 22 you
817 1713 37 17 are
864 1705 117 25 burdened
991 1706 54 25 with
1054 1706 96 27 billions
1159 1708 30 25 of
1194 1709 86 25 dollars
1289 1711 30 23 of

257 1747 153 25 government
419 1742 55 25 debt
482 1742 58 25 each
548 1750 60 23 year.
626 1743 73 24 There
709 1743 19 25 is
737 1751 30 17 no
777 1750 81 17 reason
868 1743 35 24 for
912 1744 38 24 the
959 1750 151 25 government
1119 1750 24 20 to
1153 1747 72 30 spend
1235 1754 59 17 even
1305 1748 25 24 $1

256 1786 66 17 more
331 1779 55 24 than
396 1780 16 23 it
421 1780 64 24 takes
494 1781 24 24 in
527 1793 20 6 --
557 1788 30 18 no
596 1781 89 30 family,
695 1788 30 18 no
734 1782 199 31 businessperson,
943 1789 29 17 no
983 1783 90 25 student
1082 1790 44 18 can
1134 1790 43 18 run
1186 1792 31 23 up
1225 1786 94 24 endless
1328 1786 74 24 debts.

256 1815 60 26 That
324 1816 21 24 is
353 1817 55 30 why
418 1825 35 18 we
463 1827 37 17 are
508 1818 137 26 committed
653 1824 24 19 to
686 1820 87 30 cutting
783 1819 105 25 wasteful
897 1821 114 30 spending
1020 1821 44 24 and
1074 1822 123 30 balancing
1207 1823 37 24 the
1254 1823 87 30 budget
1349 1824 30 29 by

257 1855 71 25 2002,
337 1855 71 23 while
417 1856 128 30 protecting
555 1856 44 22 and
608 1857 171 29 strengthening
789 1856 75 23 useful
875 1862 150 24 government
1033 1864 127 24 programs.
