<?xml version="1.0" encoding="UTF-8"?>
<alto xmlns="http://www.loc.gov/standards/alto/ns-v3#" xmlns:xlink="http://www.w3.org/1999/xlink" xmlns:xsi="http://www.w3.org/2001/XMLSchema-instance" xsi:schemaLocation="http://www.loc.gov/standards/alto/ns-v3# http://www.loc.gov/alto/v3/alto-3-0.xsd">
	<Description>
		<MeasurementUnit>pixel</MeasurementUnit>
		<sourceImageInformation>
			<fileName>/tmp/tess_9sl0maom_input.PPM</fileName>
		</sourceImageInformation>
		<OCRProcessing ID="OCR_0">
			<ocrProcessingStep>
				<processingSoftware>
					<softwareName>tesseract 5.3.1</softwareName>
				</processingSoftware>
			</ocrProcessingStep>
		</OCRProcessing>
	</Description>
	<Layout>
		<Page WIDTH="2214" HEIGHT="1689" PHYSICAL_IMG_NR="0" ID="page_0">
			<PrintSpace HPOS="0" VPOS="0" WIDTH="2214" HEIGHT="1689">
				<ComposedBlock ID="cblock_0" HPOS="43" VPOS="1092" WIDTH="19" HEIGHT="146">
					<TextBlock ID="block_0" HPOS="43" VPOS="1092" WIDTH="19" HEIGHT="146">
						<TextLine ID="line_0" HPOS="43" VPOS="1092" WIDTH="19" HEIGHT="146">
							<String ID="string_0" HPOS="43" VPOS="1092" WIDTH="19" HEIGHT="146" WC="0.83" CONTENT="3134595278"/>
						</TextLine>
					</TextBlock>
				</ComposedBlock>
				<ComposedBlock ID="cblock_1" HPOS="43" VPOS="1304" WIDTH="19" HEIGHT="25">
					<TextBlock ID="block_1" HPOS="43" VPOS="1304" WIDTH="19" HEIGHT="25">
						<TextLine ID="line_1" HPOS="43" VPOS="1304" WIDTH="19" HEIGHT="25">
							<String ID="string_1" HPOS="43" VPOS="1304" WIDTH="19" HEIGHT="25" WC="0.96" CONTENT="26"/>
						</TextLine>
					</TextBlock>
				</ComposedBlock>
				<ComposedBlock ID="cblock_2" HPOS="44" VPOS="1339" WIDTH="19" HEIGHT="125">
					<TextBlock ID="block_2" HPOS="44" VPOS="1339" WIDTH="19" HEIGHT="125">
						<TextLine ID="line_2" HPOS="44" VPOS="1339" WIDTH="19" HEIGHT="125">
							<String ID="string_2" HPOS="44" VPOS="1409" WIDTH="19" HEIGHT="55" WC="0.37" CONTENT="TS96"/><SP WIDTH="-19" VPOS="1409" HPOS="63"/>
							<String ID="string_3" HPOS="44" VPOS="1339" WIDTH="19" HEIGHT="35" WC="0.53" CONTENT="88:"/>
						</TextLine>
					</TextBlock>
				</ComposedBlock>
				<GraphicalElement ID="cblock_3" HPOS="1687" VPOS="0" WIDTH="479" HEIGHT="3"></GraphicalElement >
				<ComposedBlock ID="cblock_4" HPOS="112" VPOS="99" WIDTH="1866" HEIGHT="200">
					<TextBlock ID="block_3" HPOS="112" VPOS="99" WIDTH="1866" HEIGHT="200">
						<TextLine ID="line_3" HPOS="114" VPOS="99" WIDTH="1864" HEIGHT="85">
							<String ID="string_4" HPOS="114" VPOS="100" WIDTH="141" HEIGHT="70" WC="0.96" CONTENT="But"/><SP WIDTH="33" VPOS="100" HPOS="255"/>
							<String ID="string_5" HPOS="288" VPOS="99" WIDTH="139" HEIGHT="71" WC="0.96" CONTENT="Bill"/><SP WIDTH="37" VPOS="99" HPOS="427"/>
							<String ID="string_6" HPOS="464" VPOS="100" WIDTH="323" HEIGHT="73" WC="0.96" CONTENT="Clinton"/><SP WIDTH="34" VPOS="100" HPOS="787"/>
							<String ID="string_7" HPOS="821" VPOS="103" WIDTH="162" HEIGHT="72" WC="0.96" CONTENT="and"/><SP WIDTH="33" VPOS="103" HPOS="983"/>
							<String ID="string_8" HPOS="1016" VPOS="105" WIDTH="92" HEIGHT="71" WC="0.95" CONTENT="Al"/><SP WIDTH="36" VPOS="105" HPOS="1108"/>
							<String ID="string_9" HPOS="1144" VPOS="107" WIDTH="207" HEIGHT="72" WC="0.96" CONTENT="Gore"/><SP WIDTH="36" VPOS="107" HPOS="1351"/>
							<String ID="string_10" HPOS="1387" VPOS="108" WIDTH="204" HEIGHT="72" WC="0.96" CONTENT="have"/><SP WIDTH="35" VPOS="108" HPOS="1591"/>
							<String ID="string_11" HPOS="1626" VPOS="109" WIDTH="213" HEIGHT="73" WC="0.95" CONTENT="been"/><SP WIDTH="37" VPOS="109" HPOS="1839"/>
							<String ID="string_12" HPOS="1876" VPOS="112" WIDTH="102" HEIGHT="72" WC="0.94" CONTENT="all"/>
						</TextLine>
						<TextLine ID="line_4" HPOS="112" VPOS="201" WIDTH="1761" HEIGHT="98">
							<String ID="string_13" HPOS="112" VPOS="201" WIDTH="144" HEIGHT="73" WC="0.95" CONTENT="but"/><SP WIDTH="33" VPOS="201" HPOS="256"/>
							<String ID="string_14" HPOS="289" VPOS="204" WIDTH="300" HEIGHT="73" WC="0.96" CONTENT="honest"/><SP WIDTH="31" VPOS="204" HPOS="589"/>
							<String ID="string_15" HPOS="620" VPOS="207" WIDTH="192" HEIGHT="71" WC="0.96" CONTENT="with"/><SP WIDTH="33" VPOS="207" HPOS="812"/>
							<String ID="string_16" HPOS="845" VPOS="208" WIDTH="138" HEIGHT="72" WC="0.96" CONTENT="the"/><SP WIDTH="33" VPOS="208" HPOS="983"/>
							<String ID="string_17" HPOS="1016" VPOS="212" WIDTH="265" HEIGHT="87" WC="0.96" CONTENT="youth"/><SP WIDTH="34" VPOS="212" HPOS="1281"/>
							<String ID="string_18" HPOS="1315" VPOS="212" WIDTH="90" HEIGHT="71" WC="0.96" CONTENT="of"/><SP WIDTH="23" VPOS="212" HPOS="1405"/>
							<String ID="string_19" HPOS="1428" VPOS="215" WIDTH="445" HEIGHT="73" WC="0.96" CONTENT="America..."/>
						</TextLine>
					</TextBlock>
				</ComposedBlock>
				<GraphicalElement ID="cblock_5" HPOS="572" VPOS="319" WIDTH="310" HEIGHT="4"></GraphicalElement >
				<ComposedBlock ID="cblock_6" HPOS="112" VPOS="334" WIDTH="435" HEIGHT="59">
					<TextBlock ID="block_4" HPOS="112" VPOS="334" WIDTH="435" HEIGHT="59">
						<TextLine ID="line_5" HPOS="112" VPOS="334" WIDTH="435" HEIGHT="59">
							<String ID="string_20" HPOS="112" VPOS="334" WIDTH="239" HEIGHT="58" WC="0.96" CONTENT="Student"/><SP WIDTH="18" VPOS="334" HPOS="351"/>
							<String ID="string_21" HPOS="369" VPOS="336" WIDTH="178" HEIGHT="57" WC="0.94" CONTENT="Aid..."/>
						</TextLine>
					</TextBlock>
				</ComposedBlock>
				<ComposedBlock ID="cblock_7" HPOS="103" VPOS="459" WIDTH="607" HEIGHT="574">
					<TextBlock ID="block_5" HPOS="103" VPOS="459" WIDTH="607" HEIGHT="574">
						<TextLine ID="line_6" HPOS="109" VPOS="459" WIDTH="552" HEIGHT="48">
							<String ID="string_22" HPOS="109" VPOS="459" WIDTH="65" HEIGHT="33" WC="0.96" CONTENT="Bill"/><SP WIDTH="15" VPOS="459" HPOS="174"/>
							<String ID="string_23" HPOS="189" VPOS="460" WIDTH="143" HEIGHT="35" WC="0.96" CONTENT="Clinton"/><SP WIDTH="15" VPOS="460" HPOS="332"/>
							<String ID="string_24" HPOS="347" VPOS="462" WIDTH="69" HEIGHT="34" WC="0.95" CONTENT="and"/><SP WIDTH="13" VPOS="462" HPOS="416"/>
							<String ID="string_25" HPOS="429" VPOS="462" WIDTH="47" HEIGHT="34" WC="0.95" CONTENT="Al"/><SP WIDTH="14" VPOS="462" HPOS="476"/>
							<String ID="string_26" HPOS="490" VPOS="463" WIDTH="95" HEIGHT="34" WC="0.96" CONTENT="Gore"/><SP WIDTH="16" VPOS="463" HPOS="585"/>
							<String ID="string_27" HPOS="601" VPOS="473" WIDTH="60" HEIGHT="34" WC="0.96" CONTENT="say"/>
						</TextLine>
						<TextLine ID="line_7" HPOS="107" VPOS="517" WIDTH="601" HEIGHT="47">
							<String ID="string_28" HPOS="107" VPOS="517" WIDTH="124" HEIGHT="45" WC="0.96" CONTENT="they&#39;re"/><SP WIDTH="14" VPOS="517" HPOS="231"/>
							<String ID="string_29" HPOS="245" VPOS="518" WIDTH="109" HEIGHT="46" WC="0.96" CONTENT="going"/><SP WIDTH="14" VPOS="518" HPOS="354"/>
							<String ID="string_30" HPOS="368" VPOS="525" WIDTH="38" HEIGHT="29" WC="0.97" CONTENT="to"/><SP WIDTH="14" VPOS="525" HPOS="406"/>
							<String ID="string_31" HPOS="420" VPOS="520" WIDTH="84" HEIGHT="44" WC="0.96" CONTENT="give"/><SP WIDTH="14" VPOS="520" HPOS="504"/>
							<String ID="string_32" HPOS="518" VPOS="521" WIDTH="156" HEIGHT="35" WC="0.96" CONTENT="students"/><SP WIDTH="13" VPOS="521" HPOS="674"/>
							<String ID="string_33" HPOS="687" VPOS="532" WIDTH="21" HEIGHT="24" WC="0.96" CONTENT="a"/>
						</TextLine>
						<TextLine ID="line_8" HPOS="107" VPOS="576" WIDTH="512" HEIGHT="38">
							<String ID="string_34" HPOS="107" VPOS="576" WIDTH="120" HEIGHT="35" WC="0.96" CONTENT="tuition"/><SP WIDTH="14" VPOS="576" HPOS="227"/>
							<String ID="string_35" HPOS="241" VPOS="583" WIDTH="57" HEIGHT="29" WC="0.96" CONTENT="tax"/><SP WIDTH="14" VPOS="583" HPOS="298"/>
							<String ID="string_36" HPOS="312" VPOS="578" WIDTH="112" HEIGHT="35" WC="0.96" CONTENT="credit"/><SP WIDTH="16" VPOS="578" HPOS="424"/>
							<String ID="string_37" HPOS="440" VPOS="579" WIDTH="67" HEIGHT="35" WC="0.96" CONTENT="and"/><SP WIDTH="15" VPOS="579" HPOS="507"/>
							<String ID="string_38" HPOS="522" VPOS="591" WIDTH="97" HEIGHT="23" WC="0.96" CONTENT="more"/>
						</TextLine>
						<TextLine ID="line_9" HPOS="108" VPOS="636" WIDTH="557" HEIGHT="44">
							<String ID="string_39" HPOS="108" VPOS="645" WIDTH="123" HEIGHT="35" WC="0.96" CONTENT="money"/><SP WIDTH="14" VPOS="645" HPOS="231"/>
							<String ID="string_40" HPOS="245" VPOS="636" WIDTH="56" HEIGHT="34" WC="0.96" CONTENT="for"/><SP WIDTH="15" VPOS="636" HPOS="301"/>
							<String ID="string_41" HPOS="316" VPOS="637" WIDTH="142" HEIGHT="35" WC="0.96" CONTENT="student"/><SP WIDTH="14" VPOS="637" HPOS="458"/>
							<String ID="string_42" HPOS="472" VPOS="638" WIDTH="110" HEIGHT="35" WC="0.96" CONTENT="loans."/><SP WIDTH="17" VPOS="638" HPOS="582"/>
							<String ID="string_43" HPOS="599" VPOS="639" WIDTH="66" HEIGHT="35" WC="0.96" CONTENT="But"/>
						</TextLine>
						<TextLine ID="line_10" HPOS="107" VPOS="694" WIDTH="563" HEIGHT="47">
							<String ID="string_44" HPOS="107" VPOS="694" WIDTH="78" HEIGHT="34" WC="0.96" CONTENT="who"/><SP WIDTH="13" VPOS="694" HPOS="185"/>
							<String ID="string_45" HPOS="198" VPOS="700" WIDTH="75" HEIGHT="39" WC="0.96" CONTENT="gets"/><SP WIDTH="14" VPOS="700" HPOS="273"/>
							<String ID="string_46" HPOS="287" VPOS="695" WIDTH="58" HEIGHT="35" WC="0.96" CONTENT="the"/><SP WIDTH="16" VPOS="695" HPOS="345"/>
							<String ID="string_47" HPOS="361" VPOS="706" WIDTH="131" HEIGHT="35" WC="0.96" CONTENT="money"/><SP WIDTH="15" VPOS="706" HPOS="492"/>
							<String ID="string_48" HPOS="507" VPOS="698" WIDTH="68" HEIGHT="33" WC="0.96" CONTENT="and"/><SP WIDTH="15" VPOS="698" HPOS="575"/>
							<String ID="string_49" HPOS="590" VPOS="698" WIDTH="80" HEIGHT="34" WC="0.96" CONTENT="who"/>
						</TextLine>
						<TextLine ID="line_11" HPOS="105" VPOS="753" WIDTH="605" HEIGHT="47">
							<String ID="string_50" HPOS="105" VPOS="759" WIDTH="72" HEIGHT="36" WC="0.96" CONTENT="gets"/><SP WIDTH="15" VPOS="759" HPOS="177"/>
							<String ID="string_51" HPOS="192" VPOS="753" WIDTH="56" HEIGHT="34" WC="0.96" CONTENT="the"/><SP WIDTH="14" VPOS="753" HPOS="248"/>
							<String ID="string_52" HPOS="262" VPOS="753" WIDTH="105" HEIGHT="35" WC="0.96" CONTENT="debt?"/><SP WIDTH="13" VPOS="753" HPOS="367"/>
							<String ID="string_53" HPOS="380" VPOS="754" WIDTH="77" HEIGHT="34" WC="0.96" CONTENT="The"/><SP WIDTH="15" VPOS="754" HPOS="457"/>
							<String ID="string_54" HPOS="472" VPOS="756" WIDTH="238" HEIGHT="44" WC="0.96" CONTENT="non-partisan"/>
						</TextLine>
						<TextLine ID="line_12" HPOS="103" VPOS="810" WIDTH="564" HEIGHT="47">
							<String ID="string_55" HPOS="103" VPOS="810" WIDTH="273" HEIGHT="44" WC="0.96" CONTENT="Congressional"/><SP WIDTH="17" VPOS="810" HPOS="376"/>
							<String ID="string_56" HPOS="393" VPOS="813" WIDTH="140" HEIGHT="44" WC="0.96" CONTENT="Budget"/><SP WIDTH="14" VPOS="813" HPOS="533"/>
							<String ID="string_57" HPOS="547" VPOS="814" WIDTH="120" HEIGHT="34" WC="0.96" CONTENT="Office"/>
						</TextLine>
						<TextLine ID="line_13" HPOS="104" VPOS="868" WIDTH="555" HEIGHT="43">
							<String ID="string_58" HPOS="104" VPOS="868" WIDTH="148" HEIGHT="43" WC="0.96" CONTENT="predicts"/><SP WIDTH="13" VPOS="868" HPOS="252"/>
							<String ID="string_59" HPOS="265" VPOS="870" WIDTH="72" HEIGHT="34" WC="0.96" CONTENT="that"/><SP WIDTH="13" VPOS="870" HPOS="337"/>
							<String ID="string_60" HPOS="350" VPOS="870" WIDTH="176" HEIGHT="36" WC="0.93" CONTENT="Clinton&#39;s"/><SP WIDTH="16" VPOS="870" HPOS="526"/>
							<String ID="string_61" HPOS="542" VPOS="872" WIDTH="117" HEIGHT="35" WC="0.96" CONTENT="Direct"/>
						</TextLine>
						<TextLine ID="line_14" HPOS="105" VPOS="927" WIDTH="571" HEIGHT="45">
							<String ID="string_62" HPOS="105" VPOS="927" WIDTH="155" HEIGHT="44" WC="0.96" CONTENT="Lending"/><SP WIDTH="13" VPOS="927" HPOS="260"/>
							<String ID="string_63" HPOS="273" VPOS="928" WIDTH="169" HEIGHT="44" WC="0.96" CONTENT="Program"/><SP WIDTH="17" VPOS="928" HPOS="442"/>
							<String ID="string_64" HPOS="459" VPOS="929" WIDTH="71" HEIGHT="35" WC="0.95" CONTENT="will"/><SP WIDTH="15" VPOS="929" HPOS="530"/>
							<String ID="string_65" HPOS="545" VPOS="938" WIDTH="75" HEIGHT="29" WC="0.96" CONTENT="cost"/><SP WIDTH="15" VPOS="938" HPOS="620"/>
							<String ID="string_66" HPOS="635" VPOS="942" WIDTH="41" HEIGHT="24" WC="0.96" CONTENT="us"/>
						</TextLine>
						<TextLine ID="line_15" HPOS="105" VPOS="982" WIDTH="574" HEIGHT="51">
							<String ID="string_67" HPOS="105" VPOS="982" WIDTH="76" HEIGHT="40" WC="0.96" CONTENT="$1.5"/><SP WIDTH="16" VPOS="982" HPOS="181"/>
							<String ID="string_68" HPOS="197" VPOS="986" WIDTH="123" HEIGHT="35" WC="0.96" CONTENT="billion"/><SP WIDTH="15" VPOS="986" HPOS="320"/>
							<String ID="string_69" HPOS="335" VPOS="998" WIDTH="101" HEIGHT="24" WC="0.96" CONTENT="more"/><SP WIDTH="15" VPOS="998" HPOS="436"/>
							<String ID="string_70" HPOS="451" VPOS="987" WIDTH="82" HEIGHT="35" WC="0.96" CONTENT="than"/><SP WIDTH="14" VPOS="987" HPOS="533"/>
							<String ID="string_71" HPOS="547" VPOS="989" WIDTH="132" HEIGHT="44" WC="0.96" CONTENT="private"/>
						</TextLine>
					</TextBlock>
				</ComposedBlock>
				<GraphicalElement ID="cblock_8" HPOS="333" VPOS="1023" WIDTH="105" HEIGHT="5"></GraphicalElement >
				<ComposedBlock ID="cblock_9" HPOS="103" VPOS="1044" WIDTH="627" HEIGHT="38">
					<TextBlock ID="block_6" HPOS="103" VPOS="1044" WIDTH="627" HEIGHT="38">
						<TextLine ID="line_16" HPOS="103" VPOS="1044" WIDTH="627" HEIGHT="38">
							<String ID="string_72" HPOS="103" VPOS="1049" WIDTH="111" HEIGHT="29" WC="0.96" CONTENT="sector"/><SP WIDTH="13" VPOS="1049" HPOS="214"/>
							<String ID="string_73" HPOS="227" VPOS="1044" WIDTH="100" HEIGHT="35" WC="0.96" CONTENT="loans"/><SP WIDTH="15" VPOS="1044" HPOS="327"/>
							<String ID="string_74" HPOS="342" VPOS="1046" WIDTH="123" HEIGHT="34" WC="0.96" CONTENT="would"/><SP WIDTH="15" VPOS="1046" HPOS="465"/>
							<String ID="string_75" HPOS="480" VPOS="1057" WIDTH="86" HEIGHT="24" WC="0.96" CONTENT="over"/><SP WIDTH="12" VPOS="1057" HPOS="566"/>
							<String ID="string_76" HPOS="578" VPOS="1048" WIDTH="57" HEIGHT="34" WC="0.96" CONTENT="the"/><SP WIDTH="14" VPOS="1048" HPOS="635"/>
							<String ID="string_77" HPOS="649" VPOS="1054" WIDTH="81" HEIGHT="28" WC="0.96" CONTENT="next"/>
						</TextLine>
					</TextBlock>
				</ComposedBlock>
				<ComposedBlock ID="cblock_10" HPOS="100" VPOS="1102" WIDTH="606" HEIGHT="336">
					<TextBlock ID="block_7" HPOS="102" VPOS="1102" WIDTH="146" HEIGHT="44">
						<TextLine ID="line_17" HPOS="102" VPOS="1102" WIDTH="146" HEIGHT="44">
							<String ID="string_78" HPOS="102" VPOS="1102" WIDTH="20" HEIGHT="33" WC="0.93" CONTENT="7"/><SP WIDTH="15" VPOS="1102" HPOS="122"/>
							<String ID="string_79" HPOS="137" VPOS="1103" WIDTH="111" HEIGHT="43" WC="0.96" CONTENT="years!"/>
						</TextLine>
					</TextBlock>
					<TextBlock ID="block_8" HPOS="100" VPOS="1161" WIDTH="606" HEIGHT="277">
						<TextLine ID="line_18" HPOS="101" VPOS="1161" WIDTH="597" HEIGHT="45">
							<String ID="string_80" HPOS="101" VPOS="1161" WIDTH="58" HEIGHT="33" WC="0.96" CONTENT="We"/><SP WIDTH="15" VPOS="1161" HPOS="159"/>
							<String ID="string_81" HPOS="174" VPOS="1161" WIDTH="139" HEIGHT="44" WC="0.95" CONTENT="already"/><SP WIDTH="15" VPOS="1161" HPOS="313"/>
							<String ID="string_82" HPOS="328" VPOS="1162" WIDTH="81" HEIGHT="34" WC="0.96" CONTENT="face"/><SP WIDTH="16" VPOS="1162" HPOS="409"/>
							<String ID="string_83" HPOS="425" VPOS="1172" WIDTH="20" HEIGHT="24" WC="0.96" CONTENT="a"/><SP WIDTH="15" VPOS="1172" HPOS="445"/>
							<String ID="string_84" HPOS="460" VPOS="1162" WIDTH="92" HEIGHT="44" WC="0.96" CONTENT="huge"/><SP WIDTH="14" VPOS="1162" HPOS="552"/>
							<String ID="string_85" HPOS="566" VPOS="1164" WIDTH="132" HEIGHT="34" WC="0.96" CONTENT="federal"/>
						</TextLine>
						<TextLine ID="line_19" HPOS="100" VPOS="1217" WIDTH="554" HEIGHT="48">
							<String ID="string_86" HPOS="100" VPOS="1217" WIDTH="128" HEIGHT="35" WC="0.96" CONTENT="deficit."/><SP WIDTH="17" VPOS="1217" HPOS="228"/>
							<String ID="string_87" HPOS="245" VPOS="1219" WIDTH="68" HEIGHT="34" WC="0.96" CONTENT="Bill"/><SP WIDTH="16" VPOS="1219" HPOS="313"/>
							<String ID="string_88" HPOS="329" VPOS="1219" WIDTH="149" HEIGHT="46" WC="0.95" CONTENT="Clinton"/><SP WIDTH="16" VPOS="1219" HPOS="478"/>
							<String ID="string_89" HPOS="494" VPOS="1221" WIDTH="104" HEIGHT="34" WC="0.83" CONTENT="won&#39;t"/><SP WIDTH="13" VPOS="1221" HPOS="598"/>
							<String ID="string_90" HPOS="611" VPOS="1221" WIDTH="43" HEIGHT="35" WC="0.96" CONTENT="be"/>
						</TextLine>
						<TextLine ID="line_20" HPOS="100" VPOS="1276" WIDTH="606" HEIGHT="47">
							<String ID="string_91" HPOS="100" VPOS="1276" WIDTH="128" HEIGHT="34" WC="0.96" CONTENT="around"/><SP WIDTH="15" VPOS="1276" HPOS="228"/>
							<String ID="string_92" HPOS="243" VPOS="1277" WIDTH="102" HEIGHT="34" WC="0.96" CONTENT="when"/><SP WIDTH="17" VPOS="1277" HPOS="345"/>
							<String ID="string_93" HPOS="362" VPOS="1289" WIDTH="55" HEIGHT="23" WC="0.95" CONTENT="we"/><SP WIDTH="16" VPOS="1289" HPOS="417"/>
							<String ID="string_94" HPOS="433" VPOS="1278" WIDTH="92" HEIGHT="34" WC="0.96" CONTENT="have"/><SP WIDTH="15" VPOS="1278" HPOS="525"/>
							<String ID="string_95" HPOS="540" VPOS="1285" WIDTH="34" HEIGHT="27" WC="0.96" CONTENT="to"/><SP WIDTH="14" VPOS="1285" HPOS="574"/>
							<String ID="string_96" HPOS="588" VPOS="1290" WIDTH="67" HEIGHT="33" WC="0.96" CONTENT="pay"/><SP WIDTH="16" VPOS="1290" HPOS="655"/>
							<String ID="string_97" HPOS="671" VPOS="1279" WIDTH="35" HEIGHT="34" WC="0.96" CONTENT="it."/>
						</TextLine>
						<TextLine ID="line_21" HPOS="100" VPOS="1334" WIDTH="577" HEIGHT="38">
							<String ID="string_98" HPOS="100" VPOS="1334" WIDTH="58" HEIGHT="33" WC="0.96" CONTENT="We"/><SP WIDTH="15" VPOS="1334" HPOS="158"/>
							<String ID="string_99" HPOS="173" VPOS="1335" WIDTH="85" HEIGHT="33" WC="0.96" CONTENT="can&#39;t"/><SP WIDTH="14" VPOS="1335" HPOS="258"/>
							<String ID="string_100" HPOS="272" VPOS="1335" WIDTH="108" HEIGHT="35" WC="0.96" CONTENT="allow"/><SP WIDTH="16" VPOS="1335" HPOS="380"/>
							<String ID="string_101" HPOS="396" VPOS="1335" WIDTH="72" HEIGHT="35" WC="0.96" CONTENT="Bill"/><SP WIDTH="17" VPOS="1335" HPOS="468"/>
							<String ID="string_102" HPOS="485" VPOS="1336" WIDTH="141" HEIGHT="35" WC="0.96" CONTENT="Clinton"/><SP WIDTH="15" VPOS="1336" HPOS="626"/>
							<String ID="string_103" HPOS="641" VPOS="1343" WIDTH="36" HEIGHT="29" WC="0.96" CONTENT="to"/>
						</TextLine>
						<TextLine ID="line_22" HPOS="100" VPOS="1394" WIDTH="397" HEIGHT="44">
							<String ID="string_104" HPOS="100" VPOS="1398" WIDTH="176" HEIGHT="40" WC="0.96" CONTENT="mortgage"/><SP WIDTH="14" VPOS="1398" HPOS="276"/>
							<String ID="string_105" HPOS="290" VPOS="1405" WIDTH="66" HEIGHT="23" WC="0.96" CONTENT="our"/><SP WIDTH="13" VPOS="1405" HPOS="356"/>
							<String ID="string_106" HPOS="369" VPOS="1394" WIDTH="128" HEIGHT="35" WC="0.96" CONTENT="future."/>
						</TextLine>
					</TextBlock>
				</ComposedBlock>
				<ComposedBlock ID="cblock_11" HPOS="809" VPOS="340" WIDTH="243" HEIGHT="57">
					<TextBlock ID="block_9" HPOS="809" VPOS="340" WIDTH="243" HEIGHT="57">
						<TextLine ID="line_23" HPOS="809" VPOS="340" WIDTH="243" HEIGHT="57">
							<String ID="string_107" HPOS="809" VPOS="340" WIDTH="243" HEIGHT="57" WC="0.95" CONTENT="Taxes..."/>
						</TextLine>
					</TextBlock>
				</ComposedBlock>
				<Illustration ID="cblock_12" HPOS="740" VPOS="441" WIDTH="69" HEIGHT="1065"></Illustration>
				<ComposedBlock ID="cblock_13" HPOS="803" VPOS="465" WIDTH="628" HEIGHT="968">
					<TextBlock ID="block_10" HPOS="805" VPOS="465" WIDTH="626" HEIGHT="560">
						<TextLine ID="line_24" HPOS="809" VPOS="465" WIDTH="609" HEIGHT="48">
							<String ID="string_108" HPOS="809" VPOS="465" WIDTH="69" HEIGHT="34" WC="0.96" CONTENT="Bill"/><SP WIDTH="15" VPOS="465" HPOS="878"/>
							<String ID="string_109" HPOS="893" VPOS="466" WIDTH="144" HEIGHT="34" WC="0.96" CONTENT="Clinton"/><SP WIDTH="15" VPOS="466" HPOS="1037"/>
							<String ID="string_110" HPOS="1052" VPOS="467" WIDTH="68" HEIGHT="35" WC="0.96" CONTENT="and"/><SP WIDTH="12" VPOS="467" HPOS="1120"/>
							<String ID="string_111" HPOS="1132" VPOS="468" WIDTH="47" HEIGHT="33" WC="0.90" CONTENT="Al"/><SP WIDTH="15" VPOS="468" HPOS="1179"/>
							<String ID="string_112" HPOS="1194" VPOS="468" WIDTH="95" HEIGHT="35" WC="0.93" CONTENT="Gore"/><SP WIDTH="13" VPOS="468" HPOS="1289"/>
							<String ID="string_113" HPOS="1302" VPOS="479" WIDTH="116" HEIGHT="34" WC="0.92" CONTENT="prom-"/>
						</TextLine>
						<TextLine ID="line_25" HPOS="809" VPOS="522" WIDTH="534" HEIGHT="39">
							<String ID="string_114" HPOS="809" VPOS="522" WIDTH="75" HEIGHT="36" WC="0.96" CONTENT="ised"/><SP WIDTH="13" VPOS="522" HPOS="884"/>
							<String ID="string_115" HPOS="897" VPOS="529" WIDTH="38" HEIGHT="29" WC="0.96" CONTENT="to"/><SP WIDTH="13" VPOS="529" HPOS="935"/>
							<String ID="string_116" HPOS="948" VPOS="530" WIDTH="57" HEIGHT="29" WC="0.96" CONTENT="cut"/><SP WIDTH="14" VPOS="530" HPOS="1005"/>
							<String ID="string_117" HPOS="1019" VPOS="530" WIDTH="100" HEIGHT="30" WC="0.96" CONTENT="taxes"/><SP WIDTH="15" VPOS="530" HPOS="1119"/>
							<String ID="string_118" HPOS="1134" VPOS="525" WIDTH="35" HEIGHT="35" WC="0.96" CONTENT="in"/><SP WIDTH="21" VPOS="525" HPOS="1169"/>
							<String ID="string_119" HPOS="1190" VPOS="526" WIDTH="99" HEIGHT="35" WC="0.95" CONTENT="1992."/><SP WIDTH="16" VPOS="526" HPOS="1289"/>
							<String ID="string_120" HPOS="1305" VPOS="527" WIDTH="38" HEIGHT="34" WC="0.96" CONTENT="In"/>
						</TextLine>
						<TextLine ID="line_26" HPOS="813" VPOS="582" WIDTH="598" HEIGHT="48">
							<String ID="string_121" HPOS="813" VPOS="582" WIDTH="100" HEIGHT="41" WC="0.96" CONTENT="1993,"/><SP WIDTH="16" VPOS="582" HPOS="913"/>
							<String ID="string_122" HPOS="929" VPOS="582" WIDTH="80" HEIGHT="46" WC="0.96" CONTENT="they"/><SP WIDTH="17" VPOS="582" HPOS="1009"/>
							<String ID="string_123" HPOS="1026" VPOS="584" WIDTH="103" HEIGHT="35" WC="0.96" CONTENT="made"/><SP WIDTH="14" VPOS="584" HPOS="1129"/>
							<String ID="string_124" HPOS="1143" VPOS="585" WIDTH="59" HEIGHT="34" WC="0.96" CONTENT="the"/><SP WIDTH="14" VPOS="585" HPOS="1202"/>
							<String ID="string_125" HPOS="1216" VPOS="585" WIDTH="126" HEIGHT="45" WC="0.96" CONTENT="largest"/><SP WIDTH="14" VPOS="585" HPOS="1342"/>
							<String ID="string_126" HPOS="1356" VPOS="591" WIDTH="55" HEIGHT="29" WC="0.96" CONTENT="tax"/>
						</TextLine>
						<TextLine ID="line_27" HPOS="808" VPOS="640" WIDTH="565" HEIGHT="49">
							<String ID="string_127" HPOS="808" VPOS="640" WIDTH="156" HEIGHT="36" WC="0.96" CONTENT="increase"/><SP WIDTH="15" VPOS="640" HPOS="964"/>
							<String ID="string_128" HPOS="979" VPOS="642" WIDTH="35" HEIGHT="34" WC="0.96" CONTENT="in"/><SP WIDTH="14" VPOS="642" HPOS="1014"/>
							<String ID="string_129" HPOS="1028" VPOS="643" WIDTH="142" HEIGHT="45" WC="0.96" CONTENT="history."/><SP WIDTH="18" VPOS="643" HPOS="1170"/>
							<String ID="string_130" HPOS="1188" VPOS="644" WIDTH="91" HEIGHT="34" WC="0.96" CONTENT="Now"/><SP WIDTH="14" VPOS="644" HPOS="1279"/>
							<String ID="string_131" HPOS="1293" VPOS="644" WIDTH="80" HEIGHT="45" WC="0.96" CONTENT="they"/>
						</TextLine>
						<TextLine ID="line_28" HPOS="808" VPOS="701" WIDTH="500" HEIGHT="47">
							<String ID="string_132" HPOS="808" VPOS="710" WIDTH="56" HEIGHT="24" WC="0.96" CONTENT="are"/><SP WIDTH="14" VPOS="710" HPOS="864"/>
							<String ID="string_133" HPOS="878" VPOS="701" WIDTH="196" HEIGHT="47" WC="0.96" CONTENT="promising"/><SP WIDTH="15" VPOS="701" HPOS="1074"/>
							<String ID="string_134" HPOS="1089" VPOS="708" WIDTH="37" HEIGHT="28" WC="0.96" CONTENT="to"/><SP WIDTH="13" VPOS="708" HPOS="1126"/>
							<String ID="string_135" HPOS="1139" VPOS="708" WIDTH="58" HEIGHT="29" WC="0.96" CONTENT="cut"/><SP WIDTH="15" VPOS="708" HPOS="1197"/>
							<String ID="string_136" HPOS="1212" VPOS="709" WIDTH="96" HEIGHT="29" WC="0.96" CONTENT="taxes"/>
						</TextLine>
						<TextLine ID="line_29" HPOS="808" VPOS="759" WIDTH="608" HEIGHT="43">
							<String ID="string_137" HPOS="808" VPOS="759" WIDTH="123" HEIGHT="43" WC="0.96" CONTENT="again?"/><SP WIDTH="16" VPOS="759" HPOS="931"/>
							<String ID="string_138" HPOS="947" VPOS="760" WIDTH="212" HEIGHT="34" WC="0.96" CONTENT="Remember"/><SP WIDTH="15" VPOS="760" HPOS="1159"/>
							<String ID="string_139" HPOS="1174" VPOS="762" WIDTH="57" HEIGHT="33" WC="0.96" CONTENT="the"/><SP WIDTH="15" VPOS="762" HPOS="1231"/>
							<String ID="string_140" HPOS="1246" VPOS="762" WIDTH="114" HEIGHT="34" WC="0.96" CONTENT="words"/><SP WIDTH="15" VPOS="762" HPOS="1360"/>
							<String ID="string_141" HPOS="1375" VPOS="763" WIDTH="41" HEIGHT="33" WC="0.96" CONTENT="of"/>
						</TextLine>
						<TextLine ID="line_30" HPOS="807" VPOS="816" WIDTH="608" HEIGHT="37">
							<String ID="string_142" HPOS="807" VPOS="816" WIDTH="81" HEIGHT="35" WC="0.90" CONTENT="U.S."/><SP WIDTH="18" VPOS="816" HPOS="888"/>
							<String ID="string_143" HPOS="906" VPOS="817" WIDTH="147" HEIGHT="35" WC="0.96" CONTENT="Senator"/><SP WIDTH="14" VPOS="817" HPOS="1053"/>
							<String ID="string_144" HPOS="1067" VPOS="819" WIDTH="67" HEIGHT="33" WC="0.96" CONTENT="and"/><SP WIDTH="17" VPOS="819" HPOS="1134"/>
							<String ID="string_145" HPOS="1151" VPOS="819" WIDTH="264" HEIGHT="34" WC="0.96" CONTENT="DEMOCRAT"/>
						</TextLine>
						<TextLine ID="line_31" HPOS="807" VPOS="874" WIDTH="624" HEIGHT="45">
							<String ID="string_146" HPOS="807" VPOS="874" WIDTH="79" HEIGHT="34" WC="0.96" CONTENT="Bob"/><SP WIDTH="15" VPOS="874" HPOS="886"/>
							<String ID="string_147" HPOS="901" VPOS="875" WIDTH="119" HEIGHT="44" WC="0.96" CONTENT="Kerry:"/><SP WIDTH="21" VPOS="875" HPOS="1020"/>
							<String ID="string_148" HPOS="1041" VPOS="877" WIDTH="191" HEIGHT="34" WC="0.91" CONTENT="&quot;Clinton&#39;s"/><SP WIDTH="16" VPOS="877" HPOS="1232"/>
							<String ID="string_149" HPOS="1248" VPOS="888" WIDTH="40" HEIGHT="23" WC="0.93" CONTENT="an"/><SP WIDTH="16" VPOS="888" HPOS="1288"/>
							<String ID="string_150" HPOS="1304" VPOS="888" WIDTH="127" HEIGHT="24" WC="0.92" CONTENT="unusu-"/>
						</TextLine>
						<TextLine ID="line_32" HPOS="807" VPOS="932" WIDTH="602" HEIGHT="47">
							<String ID="string_151" HPOS="807" VPOS="932" WIDTH="68" HEIGHT="44" WC="0.96" CONTENT="ally"/><SP WIDTH="15" VPOS="932" HPOS="875"/>
							<String ID="string_152" HPOS="890" VPOS="933" WIDTH="95" HEIGHT="44" WC="0.93" CONTENT="good"/><SP WIDTH="15" VPOS="933" HPOS="985"/>
							<String ID="string_153" HPOS="1000" VPOS="934" WIDTH="108" HEIGHT="34" WC="0.91" CONTENT="liar...."/><SP WIDTH="18" VPOS="934" HPOS="1108"/>
							<String ID="string_154" HPOS="1126" VPOS="935" WIDTH="57" HEIGHT="34" WC="0.97" CONTENT="Do"/><SP WIDTH="15" VPOS="935" HPOS="1183"/>
							<String ID="string_155" HPOS="1198" VPOS="946" WIDTH="69" HEIGHT="33" WC="0.97" CONTENT="you"/><SP WIDTH="16" VPOS="946" HPOS="1267"/>
							<String ID="string_156" HPOS="1283" VPOS="936" WIDTH="126" HEIGHT="34" WC="0.97" CONTENT="realize"/>
						</TextLine>
						<TextLine ID="line_33" HPOS="805" VPOS="990" WIDTH="110" HEIGHT="35">
							<String ID="string_157" HPOS="805" VPOS="990" WIDTH="110" HEIGHT="35" WC="0.74" CONTENT="that?â€"/>
						</TextLine>
					</TextBlock>
					<TextBlock ID="block_11" HPOS="803" VPOS="1048" WIDTH="623" HEIGHT="385">
						<TextLine ID="line_34" HPOS="805" VPOS="1048" WIDTH="501" HEIGHT="38">
							<String ID="string_158" HPOS="805" VPOS="1048" WIDTH="70" HEIGHT="35" WC="0.96" CONTENT="Bill"/><SP WIDTH="15" VPOS="1048" HPOS="875"/>
							<String ID="string_159" HPOS="890" VPOS="1049" WIDTH="172" HEIGHT="35" WC="0.78" CONTENT="Clinton&#39;s"/><SP WIDTH="15" VPOS="1049" HPOS="1062"/>
							<String ID="string_160" HPOS="1077" VPOS="1057" WIDTH="57" HEIGHT="28" WC="0.96" CONTENT="tax"/><SP WIDTH="16" VPOS="1057" HPOS="1134"/>
							<String ID="string_161" HPOS="1150" VPOS="1051" WIDTH="156" HEIGHT="35" WC="0.96" CONTENT="increase"/>
						</TextLine>
						<TextLine ID="line_35" HPOS="806" VPOS="1108" WIDTH="497" HEIGHT="46">
							<String ID="string_162" HPOS="806" VPOS="1113" WIDTH="115" HEIGHT="29" WC="0.96" CONTENT="meant"/><SP WIDTH="15" VPOS="1113" HPOS="921"/>
							<String ID="string_163" HPOS="936" VPOS="1108" WIDTH="70" HEIGHT="34" WC="0.96" CONTENT="less"/><SP WIDTH="9" VPOS="1108" HPOS="1006"/>
							<String ID="string_164" HPOS="1015" VPOS="1108" WIDTH="86" HEIGHT="44" WC="0.96" CONTENT="jobs"/><SP WIDTH="14" VPOS="1108" HPOS="1101"/>
							<String ID="string_165" HPOS="1115" VPOS="1109" WIDTH="57" HEIGHT="34" WC="0.96" CONTENT="for"/><SP WIDTH="13" VPOS="1109" HPOS="1172"/>
							<String ID="string_166" HPOS="1185" VPOS="1120" WIDTH="118" HEIGHT="34" WC="0.96" CONTENT="young"/>
						</TextLine>
						<TextLine ID="line_36" HPOS="804" VPOS="1166" WIDTH="622" HEIGHT="47">
							<String ID="string_167" HPOS="804" VPOS="1166" WIDTH="128" HEIGHT="44" WC="0.96" CONTENT="people"/><SP WIDTH="14" VPOS="1166" HPOS="932"/>
							<String ID="string_168" HPOS="946" VPOS="1167" WIDTH="68" HEIGHT="33" WC="0.96" CONTENT="and"/><SP WIDTH="15" VPOS="1167" HPOS="1014"/>
							<String ID="string_169" HPOS="1029" VPOS="1167" WIDTH="183" HEIGHT="35" WC="0.96" CONTENT="increased"/><SP WIDTH="13" VPOS="1167" HPOS="1212"/>
							<String ID="string_170" HPOS="1225" VPOS="1178" WIDTH="64" HEIGHT="34" WC="0.96" CONTENT="gas"/><SP WIDTH="13" VPOS="1178" HPOS="1289"/>
							<String ID="string_171" HPOS="1302" VPOS="1169" WIDTH="124" HEIGHT="44" WC="0.96" CONTENT="prices."/>
						</TextLine>
						<TextLine ID="line_37" HPOS="804" VPOS="1223" WIDTH="582" HEIGHT="38">
							<String ID="string_172" HPOS="804" VPOS="1223" WIDTH="97" HEIGHT="34" WC="0.96" CONTENT="Even"/><SP WIDTH="14" VPOS="1223" HPOS="901"/>
							<String ID="string_173" HPOS="915" VPOS="1224" WIDTH="144" HEIGHT="34" WC="0.96" CONTENT="Clinton"/><SP WIDTH="16" VPOS="1224" HPOS="1059"/>
							<String ID="string_174" HPOS="1075" VPOS="1225" WIDTH="170" HEIGHT="35" WC="0.96" CONTENT="admitted"/><SP WIDTH="14" VPOS="1225" HPOS="1245"/>
							<String ID="string_175" HPOS="1259" VPOS="1226" WIDTH="70" HEIGHT="34" WC="0.96" CONTENT="that"/><SP WIDTH="13" VPOS="1226" HPOS="1329"/>
							<String ID="string_176" HPOS="1342" VPOS="1227" WIDTH="44" HEIGHT="34" WC="0.96" CONTENT="he"/>
						</TextLine>
						<TextLine ID="line_38" HPOS="803" VPOS="1281" WIDTH="549" HEIGHT="38">
							<String ID="string_177" HPOS="803" VPOS="1281" WIDTH="114" HEIGHT="34" WC="0.96" CONTENT="raised"/><SP WIDTH="15" VPOS="1281" HPOS="917"/>
							<String ID="string_178" HPOS="932" VPOS="1292" WIDTH="64" HEIGHT="24" WC="0.96" CONTENT="our"/><SP WIDTH="12" VPOS="1292" HPOS="996"/>
							<String ID="string_179" HPOS="1008" VPOS="1288" WIDTH="99" HEIGHT="29" WC="0.96" CONTENT="taxes"/><SP WIDTH="14" VPOS="1288" HPOS="1107"/>
							<String ID="string_180" HPOS="1121" VPOS="1289" WIDTH="63" HEIGHT="28" WC="0.95" CONTENT="too"/><SP WIDTH="14" VPOS="1289" HPOS="1184"/>
							<String ID="string_181" HPOS="1198" VPOS="1284" WIDTH="104" HEIGHT="34" WC="0.96" CONTENT="much"/><SP WIDTH="15" VPOS="1284" HPOS="1302"/>
							<String ID="string_182" HPOS="1317" VPOS="1285" WIDTH="35" HEIGHT="34" WC="0.96" CONTENT="in"/>
						</TextLine>
						<TextLine ID="line_39" HPOS="809" VPOS="1339" WIDTH="576" HEIGHT="47">
							<String ID="string_183" HPOS="809" VPOS="1339" WIDTH="99" HEIGHT="34" WC="0.95" CONTENT="1995."/><SP WIDTH="15" VPOS="1339" HPOS="908"/>
							<String ID="string_184" HPOS="923" VPOS="1340" WIDTH="93" HEIGHT="34" WC="0.96" CONTENT="Who"/><SP WIDTH="13" VPOS="1340" HPOS="1016"/>
							<String ID="string_185" HPOS="1029" VPOS="1350" WIDTH="67" HEIGHT="24" WC="0.95" CONTENT="can"/><SP WIDTH="15" VPOS="1350" HPOS="1096"/>
							<String ID="string_186" HPOS="1111" VPOS="1351" WIDTH="72" HEIGHT="33" WC="0.96" CONTENT="you"/><SP WIDTH="15" VPOS="1351" HPOS="1183"/>
							<String ID="string_187" HPOS="1198" VPOS="1342" WIDTH="88" HEIGHT="44" WC="0.96" CONTENT="truly"/><SP WIDTH="15" VPOS="1342" HPOS="1286"/>
							<String ID="string_188" HPOS="1301" VPOS="1349" WIDTH="84" HEIGHT="28" WC="0.96" CONTENT="trust"/>
						</TextLine>
						<TextLine ID="line_40" HPOS="803" VPOS="1397" WIDTH="294" HEIGHT="36">
							<String ID="string_189" HPOS="803" VPOS="1403" WIDTH="36" HEIGHT="28" WC="0.96" CONTENT="to"/><SP WIDTH="15" VPOS="1403" HPOS="839"/>
							<String ID="string_190" HPOS="854" VPOS="1397" WIDTH="108" HEIGHT="36" WC="0.96" CONTENT="lower"/><SP WIDTH="13" VPOS="1397" HPOS="962"/>
							<String ID="string_191" HPOS="975" VPOS="1399" WIDTH="122" HEIGHT="34" WC="0.96" CONTENT="taxes?"/>
						</TextLine>
					</TextBlock>
				</ComposedBlock>
				<GraphicalElement ID="cblock_14" HPOS="828" VPOS="1499" WIDTH="342" HEIGHT="5"></GraphicalElement >
				<Illustration ID="cblock_15" HPOS="1463" VPOS="324" WIDTH="20" HEIGHT="1190"></Illustration>
				<ComposedBlock ID="cblock_16" HPOS="1515" VPOS="341" WIDTH="366" HEIGHT="91">
					<TextBlock ID="block_12" HPOS="1515" VPOS="341" WIDTH="366" HEIGHT="91">
						<TextLine ID="line_41" HPOS="1515" VPOS="341" WIDTH="366" HEIGHT="91">
							<String ID="string_192" HPOS="1515" VPOS="341" WIDTH="323" HEIGHT="91" WC="0.96" CONTENT="Character."/><SP WIDTH="13" VPOS="341" HPOS="1838"/>
							<String ID="string_193" HPOS="1851" VPOS="395" WIDTH="30" HEIGHT="8" WC="0.35" CONTENT="a"/>
						</TextLine>
					</TextBlock>
				</ComposedBlock>
				<ComposedBlock ID="cblock_17" HPOS="1506" VPOS="470" WIDTH="612" HEIGHT="979">
					<TextBlock ID="block_13" HPOS="1512" VPOS="470" WIDTH="606" HEIGHT="338">
						<TextLine ID="line_42" HPOS="1514" VPOS="470" WIDTH="584" HEIGHT="39">
							<String ID="string_194" HPOS="1514" VPOS="470" WIDTH="68" HEIGHT="34" WC="0.96" CONTENT="Bill"/><SP WIDTH="16" VPOS="470" HPOS="1582"/>
							<String ID="string_195" HPOS="1598" VPOS="471" WIDTH="145" HEIGHT="35" WC="0.96" CONTENT="Clinton"/><SP WIDTH="16" VPOS="471" HPOS="1743"/>
							<String ID="string_196" HPOS="1759" VPOS="473" WIDTH="66" HEIGHT="33" WC="0.96" CONTENT="and"/><SP WIDTH="14" VPOS="473" HPOS="1825"/>
							<String ID="string_197" HPOS="1839" VPOS="473" WIDTH="45" HEIGHT="33" WC="0.94" CONTENT="Al"/><SP WIDTH="15" VPOS="473" HPOS="1884"/>
							<String ID="string_198" HPOS="1899" VPOS="474" WIDTH="95" HEIGHT="34" WC="0.96" CONTENT="Gore"/><SP WIDTH="15" VPOS="474" HPOS="1994"/>
							<String ID="string_199" HPOS="2009" VPOS="475" WIDTH="89" HEIGHT="34" WC="0.96" CONTENT="have"/>
						</TextLine>
						<TextLine ID="line_43" HPOS="1515" VPOS="528" WIDTH="603" HEIGHT="49">
							<String ID="string_200" HPOS="1515" VPOS="528" WIDTH="76" HEIGHT="35" WC="0.96" CONTENT="sold"/><SP WIDTH="14" VPOS="528" HPOS="1591"/>
							<String ID="string_201" HPOS="1605" VPOS="540" WIDTH="42" HEIGHT="24" WC="0.96" CONTENT="us"/><SP WIDTH="15" VPOS="540" HPOS="1647"/>
							<String ID="string_202" HPOS="1662" VPOS="536" WIDTH="61" HEIGHT="28" WC="0.96" CONTENT="out"/><SP WIDTH="14" VPOS="536" HPOS="1723"/>
							<String ID="string_203" HPOS="1737" VPOS="530" WIDTH="57" HEIGHT="35" WC="0.96" CONTENT="for"/><SP WIDTH="13" VPOS="530" HPOS="1794"/>
							<String ID="string_204" HPOS="1807" VPOS="531" WIDTH="87" HEIGHT="34" WC="0.96" CONTENT="their"/><SP WIDTH="13" VPOS="531" HPOS="1894"/>
							<String ID="string_205" HPOS="1907" VPOS="542" WIDTH="80" HEIGHT="24" WC="0.91" CONTENT="own"/><SP WIDTH="15" VPOS="542" HPOS="1987"/>
							<String ID="string_206" HPOS="2002" VPOS="533" WIDTH="116" HEIGHT="44" WC="0.91" CONTENT="politi-"/>
						</TextLine>
						<TextLine ID="line_44" HPOS="1513" VPOS="587" WIDTH="531" HEIGHT="48">
							<String ID="string_207" HPOS="1513" VPOS="587" WIDTH="53" HEIGHT="34" WC="0.96" CONTENT="cal"/><SP WIDTH="15" VPOS="587" HPOS="1566"/>
							<String ID="string_208" HPOS="1581" VPOS="587" WIDTH="171" HEIGHT="37" WC="0.96" CONTENT="interests."/><SP WIDTH="16" VPOS="587" HPOS="1752"/>
							<String ID="string_209" HPOS="1768" VPOS="589" WIDTH="97" HEIGHT="45" WC="0.96" CONTENT="They"/><SP WIDTH="16" VPOS="589" HPOS="1865"/>
							<String ID="string_210" HPOS="1881" VPOS="591" WIDTH="113" HEIGHT="44" WC="0.96" CONTENT="prefer"/><SP WIDTH="14" VPOS="591" HPOS="1994"/>
							<String ID="string_211" HPOS="2008" VPOS="597" WIDTH="36" HEIGHT="29" WC="0.96" CONTENT="to"/>
						</TextLine>
						<TextLine ID="line_45" HPOS="1513" VPOS="646" WIDTH="597" HEIGHT="47">
							<String ID="string_212" HPOS="1513" VPOS="646" WIDTH="162" HEIGHT="35" WC="0.96" CONTENT="sacrifice"/><SP WIDTH="15" VPOS="646" HPOS="1675"/>
							<String ID="string_213" HPOS="1690" VPOS="658" WIDTH="64" HEIGHT="24" WC="0.97" CONTENT="our"/><SP WIDTH="15" VPOS="658" HPOS="1754"/>
							<String ID="string_214" HPOS="1769" VPOS="648" WIDTH="113" HEIGHT="35" WC="0.96" CONTENT="future"/><SP WIDTH="15" VPOS="648" HPOS="1882"/>
							<String ID="string_215" HPOS="1897" VPOS="659" WIDTH="39" HEIGHT="24" WC="0.96" CONTENT="so"/><SP WIDTH="16" VPOS="659" HPOS="1936"/>
							<String ID="string_216" HPOS="1952" VPOS="650" WIDTH="79" HEIGHT="43" WC="0.96" CONTENT="they"/><SP WIDTH="16" VPOS="650" HPOS="2031"/>
							<String ID="string_217" HPOS="2047" VPOS="661" WIDTH="63" HEIGHT="23" WC="0.96" CONTENT="can"/>
						</TextLine>
						<TextLine ID="line_46" HPOS="1513" VPOS="705" WIDTH="584" HEIGHT="46">
							<String ID="string_218" HPOS="1513" VPOS="705" WIDTH="110" HEIGHT="44" WC="0.95" CONTENT="spend"/><SP WIDTH="14" VPOS="705" HPOS="1623"/>
							<String ID="string_219" HPOS="1637" VPOS="717" WIDTH="99" HEIGHT="23" WC="0.95" CONTENT="more"/><SP WIDTH="16" VPOS="717" HPOS="1736"/>
							<String ID="string_220" HPOS="1752" VPOS="717" WIDTH="130" HEIGHT="34" WC="0.96" CONTENT="money"/><SP WIDTH="14" VPOS="717" HPOS="1882"/>
							<String ID="string_221" HPOS="1896" VPOS="718" WIDTH="88" HEIGHT="24" WC="0.96" CONTENT="now."/><SP WIDTH="17" VPOS="718" HPOS="1984"/>
							<String ID="string_222" HPOS="2001" VPOS="709" WIDTH="96" HEIGHT="34" WC="0.96" CONTENT="Even"/>
						</TextLine>
						<TextLine ID="line_47" HPOS="1512" VPOS="764" WIDTH="377" HEIGHT="44">
							<String ID="string_223" HPOS="1512" VPOS="764" WIDTH="171" HEIGHT="34" WC="0.90" CONTENT="Clinton&#39;s"/><SP WIDTH="15" VPOS="764" HPOS="1683"/>
							<String ID="string_224" HPOS="1698" VPOS="765" WIDTH="47" HEIGHT="33" WC="0.96" CONTENT="96"/><SP WIDTH="15" VPOS="765" HPOS="1745"/>
							<String ID="string_225" HPOS="1760" VPOS="765" WIDTH="129" HEIGHT="43" WC="0.96" CONTENT="budget"/>
						</TextLine>
					</TextBlock>
					<TextBlock ID="block_14" HPOS="1512" VPOS="822" WIDTH="568" HEIGHT="101">
						<TextLine ID="line_48" HPOS="1512" VPOS="822" WIDTH="568" HEIGHT="43">
							<String ID="string_226" HPOS="1512" VPOS="822" WIDTH="151" HEIGHT="43" WC="0.96" CONTENT="predicts"/><SP WIDTH="15" VPOS="822" HPOS="1663"/>
							<String ID="string_227" HPOS="1678" VPOS="822" WIDTH="97" HEIGHT="36" WC="0.96" CONTENT="$200"/><SP WIDTH="15" VPOS="822" HPOS="1775"/>
							<String ID="string_228" HPOS="1790" VPOS="823" WIDTH="135" HEIGHT="34" WC="0.95" CONTENT="million"/><SP WIDTH="15" VPOS="823" HPOS="1925"/>
							<String ID="string_229" HPOS="1940" VPOS="824" WIDTH="140" HEIGHT="35" WC="0.96" CONTENT="deficits"/>
						</TextLine>
						<TextLine ID="line_49" HPOS="1512" VPOS="879" WIDTH="347" HEIGHT="44">
							<String ID="string_230" HPOS="1512" VPOS="879" WIDTH="55" HEIGHT="34" WC="0.96" CONTENT="for"/><SP WIDTH="13" VPOS="879" HPOS="1567"/>
							<String ID="string_231" HPOS="1580" VPOS="890" WIDTH="101" HEIGHT="33" WC="0.96" CONTENT="years"/><SP WIDTH="15" VPOS="890" HPOS="1681"/>
							<String ID="string_232" HPOS="1696" VPOS="886" WIDTH="36" HEIGHT="28" WC="0.96" CONTENT="to"/><SP WIDTH="14" VPOS="886" HPOS="1732"/>
							<String ID="string_233" HPOS="1746" VPOS="891" WIDTH="113" HEIGHT="24" WC="0.95" CONTENT="come."/>
						</TextLine>
					</TextBlock>
					<TextBlock ID="block_15" HPOS="1506" VPOS="937" WIDTH="603" HEIGHT="512">
						<TextLine ID="line_50" HPOS="1511" VPOS="937" WIDTH="524" HEIGHT="37">
							<String ID="string_234" HPOS="1511" VPOS="937" WIDTH="73" HEIGHT="34" WC="0.96" CONTENT="The"/><SP WIDTH="14" VPOS="937" HPOS="1584"/>
							<String ID="string_235" HPOS="1598" VPOS="937" WIDTH="145" HEIGHT="35" WC="0.93" CONTENT="Clinton"/><SP WIDTH="15" VPOS="937" HPOS="1743"/>
							<String ID="string_236" HPOS="1758" VPOS="939" WIDTH="277" HEIGHT="35" WC="0.91" CONTENT="adminsitration"/>
						</TextLine>
						<TextLine ID="line_51" HPOS="1511" VPOS="997" WIDTH="531" HEIGHT="43">
							<String ID="string_237" HPOS="1511" VPOS="1002" WIDTH="162" HEIGHT="38" WC="0.96" CONTENT="supports"/><SP WIDTH="14" VPOS="1002" HPOS="1673"/>
							<String ID="string_238" HPOS="1687" VPOS="997" WIDTH="214" HEIGHT="35" WC="0.96" CONTENT="affirmative"/><SP WIDTH="14" VPOS="997" HPOS="1901"/>
							<String ID="string_239" HPOS="1915" VPOS="999" WIDTH="127" HEIGHT="39" WC="0.96" CONTENT="action,"/>
						</TextLine>
						<TextLine ID="line_52" HPOS="1511" VPOS="1053" WIDTH="598" HEIGHT="49">
							<String ID="string_240" HPOS="1511" VPOS="1053" WIDTH="114" HEIGHT="35" WC="0.96" CONTENT="which"/><SP WIDTH="15" VPOS="1053" HPOS="1625"/>
							<String ID="string_241" HPOS="1640" VPOS="1054" WIDTH="64" HEIGHT="34" WC="0.96" CONTENT="has"/><SP WIDTH="14" VPOS="1054" HPOS="1704"/>
							<String ID="string_242" HPOS="1718" VPOS="1055" WIDTH="59" HEIGHT="34" WC="0.95" CONTENT="led"/><SP WIDTH="15" VPOS="1055" HPOS="1777"/>
							<String ID="string_243" HPOS="1792" VPOS="1062" WIDTH="35" HEIGHT="28" WC="0.96" CONTENT="to"/><SP WIDTH="15" VPOS="1062" HPOS="1827"/>
							<String ID="string_244" HPOS="1842" VPOS="1067" WIDTH="96" HEIGHT="24" WC="0.96" CONTENT="more"/><SP WIDTH="16" VPOS="1067" HPOS="1938"/>
							<String ID="string_245" HPOS="1954" VPOS="1057" WIDTH="155" HEIGHT="45" WC="0.96" CONTENT="hostility"/>
						</TextLine>
						<TextLine ID="line_53" HPOS="1509" VPOS="1115" WIDTH="587" HEIGHT="42">
							<String ID="string_246" HPOS="1509" VPOS="1122" WIDTH="46" HEIGHT="24" WC="0.94" CONTENT="on"/><SP WIDTH="15" VPOS="1122" HPOS="1555"/>
							<String ID="string_247" HPOS="1570" VPOS="1123" WIDTH="64" HEIGHT="23" WC="0.96" CONTENT="our"/><SP WIDTH="12" VPOS="1123" HPOS="1634"/>
							<String ID="string_248" HPOS="1646" VPOS="1123" WIDTH="200" HEIGHT="34" WC="0.95" CONTENT="Campuses."/><SP WIDTH="16" VPOS="1123" HPOS="1846"/>
							<String ID="string_249" HPOS="1862" VPOS="1115" WIDTH="143" HEIGHT="34" WC="0.95" CONTENT="Clinton"/><SP WIDTH="15" VPOS="1115" HPOS="2005"/>
							<String ID="string_250" HPOS="2020" VPOS="1116" WIDTH="76" HEIGHT="34" WC="0.95" CONTENT="also"/>
						</TextLine>
						<TextLine ID="line_54" HPOS="1511" VPOS="1170" WIDTH="537" HEIGHT="47">
							<String ID="string_251" HPOS="1511" VPOS="1170" WIDTH="137" HEIGHT="44" WC="0.96" CONTENT="slashed"/><SP WIDTH="16" VPOS="1170" HPOS="1648"/>
							<String ID="string_252" HPOS="1664" VPOS="1171" WIDTH="58" HEIGHT="34" WC="0.96" CONTENT="the"/><SP WIDTH="15" VPOS="1171" HPOS="1722"/>
							<String ID="string_253" HPOS="1737" VPOS="1171" WIDTH="131" HEIGHT="45" WC="0.96" CONTENT="budget"/><SP WIDTH="15" VPOS="1171" HPOS="1868"/>
							<String ID="string_254" HPOS="1883" VPOS="1173" WIDTH="55" HEIGHT="34" WC="0.96" CONTENT="for"/><SP WIDTH="14" VPOS="1173" HPOS="1938"/>
							<String ID="string_255" HPOS="1952" VPOS="1174" WIDTH="96" HEIGHT="43" WC="0.96" CONTENT="Drug"/>
						</TextLine>
						<TextLine ID="line_55" HPOS="1508" VPOS="1228" WIDTH="523" HEIGHT="47">
							<String ID="string_256" HPOS="1508" VPOS="1228" WIDTH="269" HEIGHT="35" WC="0.91" CONTENT="Control...now"/><SP WIDTH="14" VPOS="1228" HPOS="1777"/>
							<String ID="string_257" HPOS="1791" VPOS="1230" WIDTH="87" HEIGHT="45" WC="0.96" CONTENT="drug"/><SP WIDTH="13" VPOS="1230" HPOS="1878"/>
							<String ID="string_258" HPOS="1891" VPOS="1242" WIDTH="64" HEIGHT="23" WC="0.96" CONTENT="use"/><SP WIDTH="14" VPOS="1242" HPOS="1955"/>
							<String ID="string_259" HPOS="1969" VPOS="1231" WIDTH="62" HEIGHT="34" WC="0.96" CONTENT="has"/>
						</TextLine>
						<TextLine ID="line_56" HPOS="1508" VPOS="1286" WIDTH="590" HEIGHT="37">
							<String ID="string_260" HPOS="1508" VPOS="1286" WIDTH="154" HEIGHT="35" WC="0.96" CONTENT="doubled"/><SP WIDTH="15" VPOS="1286" HPOS="1662"/>
							<String ID="string_261" HPOS="1677" VPOS="1288" WIDTH="117" HEIGHT="33" WC="0.96" CONTENT="which"/><SP WIDTH="16" VPOS="1288" HPOS="1794"/>
							<String ID="string_262" HPOS="1810" VPOS="1299" WIDTH="121" HEIGHT="24" WC="0.96" CONTENT="means"/><SP WIDTH="16" VPOS="1299" HPOS="1931"/>
							<String ID="string_263" HPOS="1947" VPOS="1300" WIDTH="95" HEIGHT="23" WC="0.96" CONTENT="more"/><SP WIDTH="16" VPOS="1300" HPOS="2042"/>
							<String ID="string_264" HPOS="2058" VPOS="1290" WIDTH="40" HEIGHT="33" WC="0.96" CONTENT="of"/>
						</TextLine>
						<TextLine ID="line_57" HPOS="1508" VPOS="1344" WIDTH="588" HEIGHT="38">
							<String ID="string_265" HPOS="1508" VPOS="1354" WIDTH="63" HEIGHT="24" WC="0.96" CONTENT="our"/><SP WIDTH="14" VPOS="1354" HPOS="1571"/>
							<String ID="string_266" HPOS="1585" VPOS="1344" WIDTH="132" HEIGHT="35" WC="0.96" CONTENT="friends"/><SP WIDTH="16" VPOS="1344" HPOS="1717"/>
							<String ID="string_267" HPOS="1733" VPOS="1346" WIDTH="72" HEIGHT="34" WC="0.96" CONTENT="will"/><SP WIDTH="16" VPOS="1346" HPOS="1805"/>
							<String ID="string_268" HPOS="1821" VPOS="1346" WIDTH="112" HEIGHT="36" WC="0.96" CONTENT="suffer"/><SP WIDTH="12" VPOS="1346" HPOS="1933"/>
							<String ID="string_269" HPOS="1945" VPOS="1347" WIDTH="151" HEIGHT="35" WC="0.96" CONTENT="because"/>
						</TextLine>
						<TextLine ID="line_58" HPOS="1506" VPOS="1403" WIDTH="582" HEIGHT="46">
							<String ID="string_270" HPOS="1506" VPOS="1403" WIDTH="144" HEIGHT="34" WC="0.96" CONTENT="Clinton"/><SP WIDTH="15" VPOS="1403" HPOS="1650"/>
							<String ID="string_271" HPOS="1665" VPOS="1410" WIDTH="132" HEIGHT="38" WC="0.96" CONTENT="regrets"/><SP WIDTH="13" VPOS="1410" HPOS="1797"/>
							<String ID="string_272" HPOS="1810" VPOS="1411" WIDTH="61" HEIGHT="28" WC="0.92" CONTENT="not"/><SP WIDTH="15" VPOS="1411" HPOS="1871"/>
							<String ID="string_273" HPOS="1886" VPOS="1405" WIDTH="202" HEIGHT="44" WC="0.91" CONTENT="inhaling...."/>
						</TextLine>
					</TextBlock>
				</ComposedBlock>
				<ComposedBlock ID="cblock_18" HPOS="316" VPOS="1519" WIDTH="1596" HEIGHT="73">
					<TextBlock ID="block_16" HPOS="316" VPOS="1519" WIDTH="1596" HEIGHT="73">
						<TextLine ID="line_59" HPOS="316" VPOS="1519" WIDTH="1596" HEIGHT="73">
							<String ID="string_274" HPOS="316" VPOS="1520" WIDTH="120" HEIGHT="44" WC="0.96" CONTENT="Vote"/><SP WIDTH="20" VPOS="1520" HPOS="436"/>
							<String ID="string_275" HPOS="456" VPOS="1519" WIDTH="74" HEIGHT="46" WC="0.96" CONTENT="for"/><SP WIDTH="18" VPOS="1519" HPOS="530"/>
							<String ID="string_276" HPOS="548" VPOS="1535" WIDTH="85" HEIGHT="31" WC="0.93" CONTENT="our"/><SP WIDTH="16" VPOS="1535" HPOS="633"/>
							<String ID="string_277" HPOS="649" VPOS="1521" WIDTH="388" HEIGHT="48" WC="0.91" CONTENT="interests....vote"/><SP WIDTH="21" VPOS="1521" HPOS="1037"/>
							<String ID="string_278" HPOS="1058" VPOS="1524" WIDTH="183" HEIGHT="57" WC="0.96" CONTENT="against"/><SP WIDTH="19" VPOS="1524" HPOS="1241"/>
							<String ID="string_279" HPOS="1260" VPOS="1525" WIDTH="90" HEIGHT="45" WC="0.95" CONTENT="Bill"/><SP WIDTH="20" VPOS="1525" HPOS="1350"/>
							<String ID="string_280" HPOS="1370" VPOS="1526" WIDTH="189" HEIGHT="66" WC="0.96" CONTENT="Clinton"/><SP WIDTH="20" VPOS="1526" HPOS="1559"/>
							<String ID="string_281" HPOS="1579" VPOS="1527" WIDTH="90" HEIGHT="44" WC="0.96" CONTENT="and"/><SP WIDTH="15" VPOS="1527" HPOS="1669"/>
							<String ID="string_282" HPOS="1684" VPOS="1527" WIDTH="61" HEIGHT="45" WC="0.93" CONTENT="Al"/><SP WIDTH="21" VPOS="1527" HPOS="1745"/>
							<String ID="string_283" HPOS="1766" VPOS="1527" WIDTH="146" HEIGHT="46" WC="0.96" CONTENT="Gore!"/>
						</TextLine>
					</TextBlock>
				</ComposedBlock>
			</PrintSpace>
		</Page>
	</Layout>
</alto>
